
@article{Adams2004-ADAWIA-3,
	number = {2},
	title = {What's in a (N Empty) Name?},
	pages = {125--148},
	volume = {85},
	journal = {Pacific Philosophical Quarterly},
	year = {2004},
	doi = {10.1111/j.0279-0750.2004.00191.x},
	publisher = {Wiley-Blackwell},
	author = {Fred Adams and Laura A. Dietrich}
}

@article{Adams1997-ADATSO-3,
	author = {Fred Adams and Gary Fuller and Robert Stecker},
	publisher = {Wiley-Blackwell},
	doi = {10.1111/1468-0114.00032},
	year = {1997},
	volume = {78},
	journal = {Pacific Philosophical Quarterly},
	pages = {128--148},
	title = {The Semantics of Fictional Names},
	number = {2}
}

@article{Adams1994-FREVST,
	author = {Fred Adams and Robert Stecker},
	year = {1994},
	doi = {10.1111/j.1468-0017.1994.tb00314.x},
	title = {Vacuous Singular Terms},
	pages = {387--401},
	journal = {Mind and Language},
	volume = {9},
	number = {4}
}

@article{Adams2007-ADAENA,
	doi = {10.1353/cjp.2007.0024},
	volume = {37},
	pages = {449--461},
	year = {2007},
	author = {Fred Adams and Gary Fuller},
	title = {Empty Names and Pragmatic Implicatures},
	publisher = {University of Calgary Press},
	journal = {Canadian Journal of Philosophy},
	number = {3}
}

@article{Adams1974-ADATOA,
	volume = {8},
	pages = {211--231},
	author = {Robert Merrihew Adams},
	number = {3},
	title = {Theories of Actuality},
	publisher = {Cornell University Press},
	year = {1974},
	journal = {No\^us}
}

@article{Adams1981-ADAAAT-2,
	pages = {3--41},
	volume = {49},
	year = {1981},
	publisher = {Springer},
	journal = {Synthese},
	number = {1},
	author = {Robert Merrihew Adams},
	title = {Actualism and Thisness}
}

@article{Almog1991-ALMTSC-2,
	year = {1991},
	doi = {10.2307/2215634},
	publisher = {Wiley-Blackwell},
	author = {Joseph Almog},
	number = {5},
	title = {The Subject-Predicate Class I},
	pages = {591--619},
	volume = {25},
	journal = {No\^us}
}

@article{AngelPinillos2011-PINCAM-2,
	title = {Coreference and Meaning},
	volume = {154},
	journal = {Philosophical Studies},
	doi = {10.1007/s11098-010-9543-y},
	year = {2011},
	author = {N. \'Angel Pinillos},
	pages = {301--324},
	number = {2},
	publisher = {Springer Verlag}
}

@book{Anscombe1957-ANSI-2,
	year = {1957},
	title = {Intention},
	publisher = {Harvard University Press},
	author = {G. Anscombe}
}

@article{Armour-Garb2012-ARMTSA-2,
	volume = {46},
	year = {2012},
	title = {The Story About Propositions},
	number = {4},
	pages = {635--674},
	author = {Bradley Armour{-}Garb and James A. Woodbridge},
	journal = {No\^us}
}

@article{Armstrong1993-ARMAWO,
	volume = {7},
	journal = {Philosophical Perspectives},
	doi = {10.2307/2214133},
	title = {A World of States of Affairs},
	publisher = {Cambridge University Press},
	pages = {429--440},
	year = {1993},
	author = {D. Armstrong}
}

@book{Aqvist1975-QVIANA,
	publisher = {Tbl Verlag G. Narr},
	author = {Lennart \AA{}qvist},
	title = {A New Approach to the Logical Theory of Interrogatives: Analysis and Formalization},
	year = {1975}
}

@article{Aqvist1973-QVIMLW,
	volume = {2},
	publisher = {Springer},
	author = {Lennart \AA{}qvist},
	journal = {Journal of Philosophical Logic},
	pages = {1--76},
	number = {1},
	title = {Modal Logic with Subjunctive Conditionals and Dispositional Predicates},
	year = {1973}
}

@article{Bacon2019-BACSS,
	journal = {Journal of Philosophical Logic},
	volume = {48},
	title = {Substitution Structures},
	publisher = {Springer Verlag},
	number = {6},
	pages = {1017--1075},
	author = {Andrew Bacon},
	year = {2019}
}

@article{Bacon2018-BACTBN,
	year = {2018},
	pages = {733--783},
	volume = {47},
	title = {The Broadest Necessity},
	number = {5},
	journal = {Journal of Philosophical Logic},
	author = {Andrew Bacon},
	publisher = {Springer Verlag}
}

@article{Balaguer1998-BALAWP-2,
	pages = {805--826},
	volume = {58},
	number = {4},
	journal = {Philosophy and Phenomenological Research},
	title = {Attitudes Without Propositions},
	publisher = {Wiley-Blackwell},
	year = {1998},
	author = {Mark Balaguer},
	doi = {ppr199858467}
}

@article{Bar-Hillel1951-CHUTNF-3,
	publisher = {Association for Symbolic Logic},
	number = {1},
	pages = {100--112},
	author = {Yehoshua Bar{-}Hillel},
	year = {1951},
	doi = {10.2307/2266258},
	journal = {Proceedings of the American Academy of Arts and Sciences},
	volume = {80},
	title = {The Need for Abstract Entities in Semantic Analysis}
}

@article{Barcan1946-BARAFC,
	pages = {1--16},
	year = {1946},
	author = {Ruth C. Barcan},
	publisher = {Association for Symbolic Logic},
	number = {1},
	title = {A Functional Calculus of First Order Based on Strict Implication},
	doi = {10.2307/2269159},
	journal = {Journal of Symbolic Logic},
	volume = {11}
}

@article{Barcan1946-BARTDT,
	doi = {10.2307/2268309},
	journal = {Journal of Symbolic Logic},
	volume = {11},
	title = {The Deduction Theorem in a Functional Calculus of First Order Based on Strict Implication},
	publisher = {Association for Symbolic Logic},
	number = {4},
	pages = {115--118},
	author = {Ruth C. Barcan},
	year = {1946}
}

@article{Barcan1947-BARTIO-2,
	author = {Ruth C. Barcan},
	year = {1947},
	pages = {12--15},
	number = {1},
	publisher = {Association for Symbolic Logic},
	title = {The Identity of Individuals in a Strict Functional Calculus of Second Order},
	doi = {10.2307/2267171},
	journal = {Journal of Symbolic Logic},
	volume = {12}
}

@article{Bealer1998-BEAP,
	number = {425},
	author = {George Bealer},
	journal = {Mind},
	volume = {107},
	title = {Propositions},
	year = {1998},
	pages = {1--32},
	publisher = {Oxford University Press}
}

@book{Bealer1982-BEAQAC,
	publisher = {Oxford, England: Oxford University Press},
	year = {1982},
	author = {George Bealer},
	title = {Quality and Concept}
}

@incollection{Beaney1997-FRETFR,
	editor  = {Michael Beaney},
	publisher = {Blackwell},
	title = {The Frege Reader},
	year = {1997}
}

@article{Benacerraf1965-BENWNC,
	number = {1},
	year = {1965},
	publisher = {Duke University Press},
	author = {Paul Benacerraf},
	title = {What Numbers Could Not Be},
	journal = {Philosophical Review},
	pages = {47--73},
	volume = {74}
}

@article{Bennett2005-BENTAO-2,
	number = {3},
	year = {2005},
	volume = {114},
	pages = {297--326},
	journal = {Philosophical Review},
	author = {Karen Bennett},
	title = {Two Axes of Actualism},
	publisher = {Duke University Press}
}

@article{Bennett2006-BENPA-6,
	author = {Karen Bennett},
	title = {Proxy Actualism},
	number = {2},
	journal = {Philosophical Studies},
	volume = {129},
	year = {2006},
	pages = {263--294},
	publisher = {Springer}
}

@incollection{Bennett_actualism,
	author = {Karen Bennett},
	title = {Actualism},
	year = {2020},
	pages = {21-29},
	booktitle = {The Routledge Handbook of Modality},
	editors = {Ot\'avio Bueno and Scott Shalkowski},
	publisher = {Routledge}
}

@incollection{Boghossian1997-BOGA-2,
	author = {P. A. Boghossian},
	editor = {B. Hale and C. Wright},
	year = {1997},
	booktitle = {A Companion to the Philosophy of Language},
	pages = {331--368},
	title = {Analyticity},
	publisher = {Blackwell}
}

@book{Rusnock2014-RUSBBT,
	editor  = {Paul Rusnock and Rolf George},
	author  = {Bernard Bolzano},
	publisher = {Oxford University Press},
	title = {Theory of Science},
	year = {1837/2014}
}

@article{Braun1995-BRAWIC,
	pages = {241--273},
	number = {3},
	publisher = {Springer},
	volume = {24},
	year = {1995},
	author = {David Braun},
	journal = {Journal of Philosophical Logic},
	title = {What is Character?}
}

@article{Braun2002-BRACSA,
	doi = {10.1023/A:1015760114297},
	publisher = {Springer},
	number = {1-2},
	title = {Cognitive Significance, Attitude Ascriptions, and Ways of Believing Propositions},
	author = {David Braun},
	journal = {Philosophical Studies},
	pages = {65--81},
	volume = {108},
	year = {2002}
}


@article{Braun1993-BRAEN,
	publisher = {Wiley-Blackwell},
	number = {4},
	pages = {449--469},
	year = {1993},
	author = {David Braun},
	doi = {10.2307/2215787},
	journal = {No\^us},
	volume = {27},
	title = {Empty Names}
}

@article{Braun2005-BRAENF,
	title = {Empty Names, Fictional Names, Mythical Names},
	volume = {39},
	journal = {No\^us},
	doi = {10.1111/j.0029-4624.2005.00541.x},
	pages = {596--631},
	year = {2005},
	author = {David Braun},
	number = {4}
}

@book{Brogaard2012-BROTTA-2,
	author = {Berit Brogaard},
	publisher = {Oxford University Press},
	title = {Transient Truths: An Essay in the Metaphysics of Propositions},
	year = {2012}
}

@article{Bueno2014-BUEARP,
	doi = {10.1007/s10670-013-9565-x},
	journal = {Erkenntnis},
	volume = {79},
	title = {Worlds and Propositions Set Free},
	number = {4},
	pages = {797--820},
	author = {Ot\'avio Bueno and Christopher Menzel and Edward N. Zalta},
	year = {2014}
}

@book{Bueno2018-BUETRH-2,
	author = {Ot\'avio Bueno and Scott Shalkowski},
	year = {2021},
	title = {The Routledge Handbook of Modality},
	publisher = {Routledge}
}

@book{Burgess2009-BURPL-3,
	title = {Philosophical Logic},
	year = {2009},
	publisher = {Princeton University Press},
	author = {John P. Burgess}
}

@book{Cappelen2013-CAPTII,
	year = {2013},
	author = {Herman Cappelen and Josh Dever},
	publisher = {Oxford University Press},
	title = {The Inessential Indexical: On the Philosophical Insignificance of Perspective and the First Person}
}

@article{Caplan2004-CAPCOF,
	author = {Ben Caplan},
	publisher = {University of Illinois Press},
	journal = {American Philosophical Quarterly},
	pages = {331--337},
	year = {2004},
	title = {Creatures of Fiction, Myth, and Imagination},
	number = {4},
	volume = {41}
}

@article{Caplan2013-CAPNTO,
	doi = {10.1080/00455091.2013.870731},
	publisher = {Routledge},
	number = {5},
	volume = {43},
	journal = {Canadian Journal of Philosophy},
	title = {Not the Optimistic Type},
	pages = {575--589},
	year = {2013},
	author = {Ben Caplan and Chris Tillman and Brian McLean and Adam Murray}
}

@article{Caplan2013-CAPBR-4,
	year = {2013},
	title = {Benacerraf\textquoteright{}s Revenge},
	volume = {166},
	journal = {Philosophical Studies},
	author = {Ben Caplan and Chris Tillman},
	number = {S1},
	doi = {10.1007/s11098-012-0064-8},
	publisher = {Springer Verlag},
	pages = {111--129}
}

@incollection{CTNforth,
	booktitle = {The Routledge Handbook of Propositions},
	publisher = {London: Routledge},
	editor = {Chris Tillman and Adam Russell Murray},
	year = {forthcoming},
	title = {Hylomorphic Propositions},
	author = {Ben Caplan and Chris Tillman and Eileen Nutting}
}

@article{Carnap1946-CARMAQ,
	title = {Modalities and Quantification},
	year = {1946},
	journal = {Journal of Symbolic Logic},
	number = {2},
	author = {Rudolf Carnap},
	volume = {11},
	publisher = {Association for Symbolic Logic},
	pages = {33--64}
}

@book{Carnap1947-CARMAN,
	title = {Meaning and Necessity},
	author = {Rudolf Carnap},
	year = {1947},
	publisher = {University of Chicago Press}
}

@article{Cartwright1994-CARSOE,
	volume = {28},
	year = {1994},
	pages = {1--20},
	author = {Richard L. Cartwright},
	publisher = {Wiley-Blackwell},
	number = {1},
	title = {Speaking of Everything},
	doi = {10.2307/2215917},
	journal = {No\^{u}s}
}

@article{Castanedaquot1968-CASOTL-3,
	volume = {65},
	year = {1968},
	doi = {10.2307/2024296},
	author = {{H\'{e}ctor-Neri Casta\~{n}eda}},
	number = {15},
	title = {``On the Logic of Attributions of Self-Knowledge to Others\&Quot},
	journal = {Journal of Philosophy},
	publisher = {Journal of Philosophy Inc},
	pages = {439--459}
}

@article{Chalmers2002-CHAOSA,
	volume = {16},
	journal = {Philosophical Perspectives},
	title = {On Sense and Intension},
	publisher = {Blackwell},
	author = {David J. Chalmers},
	year = {2002},
	pages = {135--82}
}

@incollection{Chalmers2006-CHATFO-2,
	booktitle = {Two-Dimensional Semantics: Foundations and Applications},
	title = {The Foundations of Two-Dimensional Semantics},
	editor = {Manuel Garcia{-}Carpintero and Josep Macia},
	author = {David J. Chalmers},
	year = {2006},
	publisher = {Oxford University Press},
	pages = {55--140}
}

@article{Chalmers2003-CHATNO,
	volume = {13},
	journal = {Philosophical Issues},
	title = {The Nature of Narrow Content},
	number = {1},
	pages = {46--66},
	year = {2003},
	author = {David J. Chalmers}
}

@article{Chandler1976-CHAPAT-8,
	author = {Hugh S. Chandler},
	volume = {36},
	journal = {Analysis},
	pages = {106--109},
	publisher = {Oxford University Press},
	year = {1976},
	title = {Plantinga and the Contingently Possible},
	number = {2}
}{

@article{Chisholm1970-CHIEAP,
	journal = {No\^us},
	volume = {4},
	title = {Events and Propositions},
	publisher = {Wiley-Blackwell},
	number = {1},
	pages = {15--24},
	author = {Roderick Chisholm},
	year = {1970}
}

@article{Chisholm1967-CHIITP,
	number = {1},
	pages = {1--8},
	volume = {1},
	title = {Identity Through Possible Worlds: Some Questions},
	journal = {No\^us},
	year = {1967},
	publisher = {Wiley-Blackwell},
	author = {Roderick M. Chisholm}
}

@article{Chisholm1973-CHIPAE,
	author = {Roderick M. Chisholm},
	journal = {Review of Metaphysics},
	title = {Parts as Essential to Their Wholes},
	year = {1973},
	publisher = {Philosophy Education Society},
	pages = {581--603},
	volume = {26},
	number = {4}
}

@article{Chisholm1971-CHISOA,
	title = {States of Affairs Again},
	doi = {10.2307/2214730},
	journal = {No\^us},
	volume = {5},
	year = {1971},
	author = {Roderick M. Chisholm},
	pages = {179--189},
	number = {2},
	publisher = {Wiley-Blackwell}
}

@article{Chisholm1967-CHIITP,
	author = {Roderick M. Chisholm},
	title = {Identity Through Possible Worlds: Some Questions},
	number = {1},
	volume = {1},
	publisher = {Wiley-Blackwell},
	year = {1967},
	pages = {1--8},
	journal = {No\^us}
}

@article{Chisholm1973-CHIPAE,
	pages = {581--603},
	journal = {Review of Metaphysics},
	volume = {26},
	year = {1973},
	publisher = {Philosophy Education Society},
	number = {4},
	author = {Roderick M. Chisholm},
	title = {Parts as Essential to Their Wholes}
}

@book{Chisholm1960-CHIRAT,
	publisher = {Glencoe, Ill., Free Press},
	title = {Realism and the Background of Phenomenology},
	year = {1960},
	author = {Roderick M. Chisholm}
}

@book{Chisholm1981-CHITFP-3,
	author = {Roderick M. Chisholm},
	publisher = {University of Minnesota Press},
	title = {The First Person: An Essay on Reference and Intentionality},
	year = {1981}
}

@article{Chomsky1995-CHOLAN,
	number = {413},
	title = {Language and Nature},
	volume = {104},
	author = {Noam Chomsky},
	pages = {1--61},
	journal = {Mind},
	publisher = {Oxford University Press},
	year = {1995}
}

@book{Cowling2017-SAMAE-2,
	publisher = {Routledge},
	title = {Abstract Entities},
	year = {2017},
	author = {Sam Cowling}
}

@book{Cresswell1996-CREANI-3,
	year = {1996},
	title = {A New Introduction to Modal Logic},
	publisher = {Routledge},
	author = {M. J. Cresswell and G. E. Hughes}
}

@article{Deutsch2014-DEUROS,
	year = {2014},
	volume = {74},
	number = {1},
	journal = {Analysis},
	doi = {10.1093/analys/ant089},
	author = {Harry Deutsch},
	title = {Resolution of Some Paradoxes of Propositions},
	pages = {26--34}
}

@article{Davidson1967-DAVTAM-3,
	year = {1967},
	author = {Donald Davidson},
	publisher = {Springer},
	journal = {Synthese},
	volume = {17},
	number = {1},
	title = {Truth and Meaning},
	pages = {304--323}
}

@book{Davidson1984-DAVIIT,
	year = {1984},
	publisher = {Oxford University Press},
	title = {Inquiries Into Truth And Interpretation},
	author = {Donald Davidson}
}

@article{Davies1980-DAVTNO-3,
	number = {1},
	year = {1980},
	pages = {1--31},
	volume = {38},
	publisher = {Springer},
	author = {Martin Davies and Lloyd Humberstone},
	title = {Two Notions of Necessity},
	journal = {Philosophical Studies}
}

@article{deRosset2009-FINPAN-2,
	journal = {Philosophical Review},
	pages = {153--181},
	number = {2},
	doi = {10.1215/00318108-2008-040},
	volume = {118},
	title = {Production and Necessity},
	publisher = {Duke University Press},
	author = {Louis deRosset},
	year = {2009}
}

@article{Deutsch1990-DEUCAM,
	author = {Harry Deutsch},
	volume = {60},
	pages = {89--102},
	journal = {Philosophical Studies},
	year = {1990},
	title = {Contingency and Modal Logic},
	number = {1-2},
	publisher = {Springer}
}

@article{Deutsch1994-DEULFC,
	volume = {19},
	author = {Harry Deutsch},
	year = {1994},
	journal = {Journal of Philosophical Research},
	pages = {273--329},
	title = {Logic for Contigent Beings},
	publisher = {Philosophy Documentation Center}
}

@article{Deutsch2014-DEUROS,
	year = {2014},
	volume = {74},
	number = {1},
	journal = {Analysis},
	doi = {10.1093/analys/ant089},
	author = {Harry Deutsch},
	title = {Resolution of Some Paradoxes of Propositions},
	pages = {26--34}
}

@article{Deutsch2014-DEUROS,
	author = {Harry Deutsch},
	journal = {Analysis},
	number = {1},
	volume = {74},
	doi = {10.1093/analys/ant089},
	year = {2014},
	title = {Resolution of Some Paradoxes of Propositions},
	pages = {26--34}
}

@article{Divers2014-DIVMRA,
	author = {John Divers},
	number = {3},
	title = {Modal Reality and (Modal) Logical Space},
	pages = {726--733},
	year = {2014},
	journal = {Philosophy and Phenomenological Research},
	volume = {88}
}

@article{Donnellan1974-DONSON,
	author = {Keith S. Donnellan},
	title = {Speaking of Nothing},
	publisher = {Duke University Press},
	doi = {10.2307/2183871},
	journal = {Philosophical Review},
	pages = {3--31},
	volume = {83},
	number = {1},
	year = {1974}
}

@incollection{Dorr2008-DORTAN,
	author = {Cian Dorr},
	publisher = {Blackwell},
	title = {There Are No Abstract Objects},
	editor = {Theodore Sider and John Hawthorne and Dean W. Zimmerman},
	booktitle = {Contemporary Debates in Metaphysics},
	year = {2008}
}

@article{Dorr2016-DORTBF-2,
	journal = {Philosophical Perspectives},
	number = {1},
	volume = {30},
	pages = {39--134},
	title = {To Be F Is To Be G},
	author = {Cian Dorr},
	doi = {10.1111/phpe.12079},
	year = {2016}
}

@book{Dorr2021-DORTBO-2,
	title = {The Bounds of Possibility: Puzzles of Modal Variation},
	author = {Cian Dorr and John Hawthorne and Juhani Yli{-}Vakkuri},
	publisher = {Oxford: Oxford University Press},
	year = {2021}
}

@book{Dorr2021-DORTBO-2,
	publisher = {Oxford: Oxford University Press},
	year = {2021},
	author = {Cian Dorr and John Hawthorne and Juhani Yli{-}Vakkuri},
	title = {The Bounds of Possibility: Puzzles of Modal Variation}
}

@book{Dummett1973-DUMFPO-2,
	year = {1973},
	author = {Michael Dummett},
	title = {Frege: Philosophy of Language},
	publisher = {London: Duckworth}
}

@book{Dummett1991-DUMF,
	author = {Michael Dummett},
	title = {Frege: Philosophy of Mathematics},
	year = {1991},
	publisher = {Harvard University Press}
}

@Article{EinheuserIrisIOT,
  Title                    = {{Inner and Outer Truth}},
  Author                   = {Iris Einheuser},
  Journal                  = {Philosopher's Imprint},
  Year                     = {2012},
  Pages                    = {1-22},
  Volume                   = {12 (10)},

  Owner                    = {User},
  Timestamp                = {2013.12.05}
}

@incollection{Evans1981-EVAUD,
	booktitle = {Meaning and Understanding},
	pages = {280--304},
	title = {Understanding Demonstratives},
	publisher = {Clarendon Press},
	year = {1981},
	author = {Gareth Evans},
	editor = {Herman Parret}
}
@article{Everett2003-EVEENA,
	volume = {116},
	author = {Anthony Everett},
	title = {Empty Names and `Gappy' Propositions},
	publisher = {Springer},
	pages = {1--36},
	number = {1},
	year = {2003},
	journal = {Philosophical Studies},
	doi = {10.1023/B:PHIL.0000005533.25543.36}
}

@article{Feit2010-FEISDA,
	pages = {489--503},
	year = {2010},
	publisher = {Taylor \& Francis},
	title = {Selfless Desires and the Property Theory of Content},
	number = {3},
	volume = {88},
	journal = {Australasian Journal of Philosophy},
	doi = {10.1080/00048400903193361},
	author = {Neil Feit}
}

@incollection{Feit2012-FEISAS-2,
	title = {Self-Ascription and Self-Awareness},
	editor = {Miguens and Preyer},
	pages = {47--213},
	publisher = {Ontos Verlag},
	booktitle = {Consciousness and Subjectivity},
	author = {Neil Feit},
	year = {2012}
}

@InCollection{FineNANE,
  Title                    = {{Necessity and Nonexistence}},
  Author                   = {Kit Fine},
  Booktitle                = {Modality and Tense: Philosophical Papers},
  Publisher                = {Oxford University Press},
  Year                     = {2005},
  Pages                    = {321-357}
}

@article{Fine1980-FINFMT-5,
	pages = {159},
	volume = {39},
	year = {1980},
	number = {n/a},
	title = {First-Order Modal Theories. II: Propositions},
	publisher = {Springer},
	author = {Kit Fine},
	journal = {Studia Logica}
}

@article{Fine1982-FINFMT-3,
	journal = {Synthese},
	author = {Kit Fine},
	number = {1},
	publisher = {Springer},
	title = {First-Order Modal Theories III -- Facts},
	volume = {53},
	pages = {43--122},
	year = {1982}
}

@incollection{Fine2003-FINTPO-4,
	year = {2003},
	pages = {161--179},
	booktitle = {The Oxford Handbook of Metaphysics},
	author = {Kit Fine},
	title = {The Problem of Possibilia},
	editor = {Michael J. Loux and Dean W. Zimmerman},
	publisher = {Oxford University Press}
}

@book{Fine2007-FINSR,
	publisher = {Blackwell},
	year = {2007},
	author = {Kit Fine},
	title = {Semantic Relationism}
}

@article{Fine2010-FINRTL,
	doi = {10.1111/j.1933-1592.2010.00407.x},
	journal = {Philosophy and Phenomenological Research},
	volume = {81},
	title = {Reply to Lawlor\textquoteright{}s \textquotedblleft{}Varieties of Coreference\textquotedblright},
	number = {2},
	publisher = {Wiley-Blackwell},
	author = {Kit Fine},
	year = {2010},
	pages = {496--501}
}

@article{Fine2010-FINCOS-4,
	doi = {ppr201081268},
	journal = {Philosophy and Phenomenological Research},
	volume = {81},
	title = {Comments on Scott Soames' 'Coordination Problems'},
	publisher = {Wiley-Blackwell},
	number = {2},
	pages = {475--484},
	year = {2010},
	author = {Kit Fine}
}

@article{Fine2010-FINTAT-7,
	title = {Towards a Theory of Part},
	volume = {107},
	doi = {10.5840/jphil20101071139},
	journal = {Journal of Philosophy},
	pages = {559--589},
	year = {2010},
	author = {Kit Fine},
	publisher = {Journal of Philosophy Inc},
	number = {11}
}

@incollection{Fine2005-FINTAR-2,
	editor = {Kit Fine},
	pages = {261--320},
	year = {2005},
	author = {Kit Fine},
	publisher = {Oxford University Press},
	title = {Tense and Reality},
	booktitle = {Modality and Tense}
}

@InCollection{Fine1985,
  Title                    = {{Plantinga on the Reduction of Possibilist Discourse}},
  Author                   = {Kit Fine},
  Booktitle                = {Alvin Plantinga},
  Publisher                = {Dordrecht: Reidel},
  Year                     = {1985},
  Editor                   = {J. E. Tomberlin and P. van Inwagen},
  Pages                    = {145-186},

}

@article{Fine1994-FINEAM-2,
	author = {Kit Fine},
	year = {1994},
	journal = {Philosophical Perspectives},
	publisher = {Ridgeview},
	doi = {10.2307/2214160},
	number = {Logic and Language},
	title = {Essence and Modality},
	volume = {8},
	pages = {1--16}
}

@unpublished{VFHeim,
	title = {Intensional Semantics},
	author = {Kai von Fintel and Irene Heim},
	year = {2011},
	note = {MIT},
	url = { https://github.com/fintelkai/fintel-heim-intensional-notes}
}

@article{Forbes1980-FOROAI,
	number = {4},
	doi = {10.1007/BF00354904},
	volume = {37},
	publisher = {Springer},
	author = {Graeme Forbes},
	journal = {Philosophical Studies},
	pages = {353--62},
	year = {1980},
	title = {Origin and Identity}
}

@article{Forbes1984-FORTST,
	journal = {Philosophical Studies},
	pages = {171--187},
	publisher = {Springer},
	number = {2},
	title = {Two Solutions to Chisholm's Paradox},
	author = {Graeme Forbes},
	volume = {46},
	year = {1984}
}

@article{Forbes1986-GRAIDO-2,
	journal = {Midwest Studies in Philosophy},
	publisher = {Wiley-Blackwell},
	pages = {3--31},
	number = {1},
	author = {Graeme Forbes},
	title = {In Defense of Absolute Essentialism},
	volume = {11},
	year = {1986}
}

@article{Fritz2016-FRIHCP,
	journal = {Journal of Philosophical Logic},
	author = {Peter Fritz and Jeremy Goodman},
	pages = {645--695},
	doi = {10.1007/s10992-015-9388-0},
	number = {6},
	volume = {45},
	title = {Higher-Order Contingentism, Part 1: Closure and Generation},
	year = {2016},
	publisher = {Springer Verlag}
}

@article{Deutsch2014-DEUROS,
	year = {2014},
	volume = {74},
	number = {1},
	journal = {Analysis},
	doi = {10.1093/analys/ant089},
	author = {Harry Deutsch},
	title = {Resolution of Some Paradoxes of Propositions},
	pages = {26--34}
}

@incollection{Frege1967-FREB-9,
	author = {Gottlob Frege},
	title = {Begriffsschrift},
	pages = {1--83},
	booktitle = {From Frege to G\"odel},
	year = {1879/1967},
	publisher = {Cambridge: Harvard University Press},
	editor = {Jean Van Heijenoort}
}

@article{Frege1956-FRETTA,
	publisher = {Oxford University Press},
	author = {Gottlob Frege},
	journal = {Mind},
	title = {The Thought: A Logical Inquiry},
	volume = {65},
	number = {259},
	pages = {289--311},
	year = {1918/1956}
}

@article{Frege1963-FRECT,
	pages = {1--17},
	title = {Compound Thoughts},
	publisher = {Oxford University Press},
	year = {1923/1963},
	volume = {72},
	author = {Gottlob Frege},
	journal = {Mind},
	number = {285}
}

@incollection{Frege1960-FREOSA-3,
	year = {1892/1960},
	publisher = {Routledge},
	editor = {Darragh Byrne and Max K\"olbel},
	title = {On Sense and Reference},
	booktitle = {Arguing About Language},
	author = {Gottlob Frege},
	pages = {36--56}
}

@book{Frege1950-FRETFO,
	publisher = {Northwestern University Press},
	author = {Gottlob Frege},
	year = {1884/1950},
	title = {The Foundations of Arithmetic: A Logico-Mathematical Enquiry Into the Concept of Number}
}

@incollection{Frege1988-FRESFT-3,
	author = {Gottlob Frege},
	pages = {56--57},
	publisher = {Oxford University Press},
	booktitle = {Propositions and Attitudes},
	year = {1904/1988},
	title = {Selection From the Frege-Russell Correspondence},
	editor = {Nathan U. Salmon and Scott Soames}
}

@article{Frege1892-FREOCA,
	journal = {Mind},
	volume = {60},
	author = {Gottlob Frege},
	year = {1892},
	number = {238},
	pages = {168--180},
	publisher = {Oxford University Press},
	title = {On Concept and Object}
}

@incollection{Frege1997-FRELTR,
	booktitle = {The Frege Reader},
	title = {Letter to Russell, 22.6. 1902},
	publisher = {Blackwell},
	editor = {Michael Beaney},
	year = {1997},
	author = {Gottlob Frege}
}

@book{Frege1979-FREPW-2,
	title = {Posthumous Writings},
	year = {1979},
	author = {Gottlob Frege},
	publisher = {Blackwell}
}

@incollection{Fregelj,
	booktitle = {The Frege Reader},
	title = {(Undated) Letter to Jourdain},
	publisher = {Blackwell},
	editor = {Michael Beaney},
	year = {1997},
	author = {Gottlob Frege}
}


@incollection{Frege1919--nld,
	title = {Aufzeichnungen fur Ludwig Darmsteadtter},
	booktitle = {Nachgelassene Schriften},
	year = {1919},
	pages = {272--77},
	author = {Gottlob Frege}
}

@incollection{Frege19i19-FREPW-2,
	publisher = {Blackwell},
	title = {Notes for Ludwig Darmstaedter},
	booktitle = {Posthumous Writings},
	year = {1919/1979},
	pages = {253--58},
	author = {Gottlob Frege}
}

@article{Gaskin1997-GASFSA,
	journal = {Philosophical Studies},
	number = {2},
	title = {Fregean Sense and Russellian Propositions},
	publisher = {Springer Netherlands},
	volume = {86},
	pages = {131--154},
	author = {Richard Gaskin},
	doi = {10.1023/A:1017929320501},
	year = {1997}
}

@book{Gaskin2008-GASTUO-5,
	author = {Richard Gaskin},
	title = {The Unity of the Proposition},
	year = {2008},
	publisher = {Oxford University Press}
}

@article{Gaskin2019-GASFTU,
	publisher = {Springer Verlag},
	year = {2019},
	pages = {1325--1342},
	author = {Richard Gaskin},
	doi = {10.1007/s11229-016-1081-5},
	journal = {Synthese},
	title = {From the Unity of the Proposition to Linguistic Idealism},
	number = {4},
	volume = {196}
}

@article{Deutsch2014-DEUROS,
	year = {2014},
	volume = {74},
	number = {1},
	journal = {Analysis},
	doi = {10.1093/analys/ant089},
	author = {Harry Deutsch},
	title = {Resolution of Some Paradoxes of Propositions},
	pages = {26--34}
}

@incollection{Gilmore2014-GILPOP,
	pages = {156--208},
	author = {Cody Gilmore},
	booktitle = {Mereology and Location},
	editor = {Shieva Kleinschmidt},
	publisher = {Oxford University Press},
	title = {Parts of Propositions},
	year = {2014}
}

@incollection{GilmoreForthcoming-GILWAR-3,
	booktitle = {The Routledge Handbook of Propositions},
	publisher = {London: Routledge},
	editor = {Chris Tillman and Adam Russell Murray},
	year = {forthcoming},
	title = {Why 0-Adic Relations Have Truth Conditions: Essence, Ground, and Non-Hylomorphic Russellian Propositions},
	author = {Cody Gilmore}
}

@article{Ginzburg1995-GINRQI,
	title = {Resolving Questions, I},
	number = {5},
	pages = {459--527},
	volume = {18},
	author = {Jonathan Ginzburg},
	doi = {10.1007/BF00985365},
	year = {1995},
	journal = {Linguistics and Philosophy},
	publisher = {Springer}
}

@article{Goodman2016-GOOAAF-3,
	title = {An Argument For Necessitism},
	author = {Jeremy Goodman},
	pages = {160--182},
	journal = {Philosophical Perspectives},
	number = {1},
	year = {2016},
	volume = {30}
}

@article{Glanzberg2011-GLAMOO-2,
	title = {More on Operators and Tense},
	pages = {112--123},
	year = {2011},
	doi = {10.1093/analys/anq086},
	journal = {Analysis},
	publisher = {Oxford University Press},
	number = {1},
	volume = {71},
	author = {M. Glanzberg}
}

@article{Glanzberg2004-GLAQAR,
	author = {Michael Glanzberg},
	number = {3},
	pages = {541--572},
	year = {2004},
	publisher = {Wiley-Blackwell},
	volume = {69},
	title = {Quantification and Realism},
	journal = {Philosophy and Phenomenological Research}
}

@incollection{Glanzberg2006-GLACAU-2,
	pages = {45--74},
	editor = {A. Rayo and G. Uzquiano},
	year = {2006},
	title = {Context and Unrestricted Quantification},
	booktitle = {Absolute Generality},
	publisher = {Oxford University Press},
	author = {Michael Glanzberg}
}

@article{Graff2003-FARDSA,
	year = {2003},
	volume = {17},
	doi = {10.1111/j.1520-8583.2003.00006.x},
	journal = {Philosophical Perspectives},
	pages = {141--163},
	title = {Desires, Scope, and Tense},
	author = {Fara Delia Graff},
	number = {1}
}

@article{Groenendijk1982-GROSAO,
	doi = {10.1007/bf00351052},
	title = {Semantic Analysis of Wh-Complements},
	author = {Joroen Groenendijk and Martin Stokhof},
	year = {1982},
	publisher = {Springer},
	number = {2},
	volume = {5},
	pages = {175--233},
	journal = {Linguistics and Philosophy}
}

@book{HALE1988-HALAO,
	publisher = {Blackwell},
	author = {Bob Hale},
	title = {Abstract Objects},
	year = {1988}
}

@article{Hale2010-HALTBL-4,
	volume = {20},
	author = {Bob Hale},
	pages = {399--422},
	publisher = {Springer},
	number = {4},
	journal = {Axiomathes},
	title = {The Bearable Lightness of Being},
	year = {2010}
}

@incollection{Hale2021,
	title = {The Logic of Metaphysical Modality},
	author = {Bob Hale}, 
	booktitle = {The Routledge Handbook of Modality},
	editor = {Ot\'{a}vio Bueno and Scott A. Shalkowski},
	publisher = {Routledge}, 
	year = {2021},
	pages = {308--319}
}

@incollection{Hall2021,
	title = {Physical and Metaphysical Modality},
	author = {Ned Hall}, 
	booktitle = {The Routledge Handbook of Modality},
	editor = {Ot\'{a}vio Bueno and Scott A. Shalkowski},
	publisher = {Routledge}, 
	year = {2021},
	pages = {265--281}
}

@article{Hamblin1958-HAMQ,
	doi = {10.1080/00048405885200211},
	title = {Questions},
	author = {C. L. Hamblin},
	year = {1958},
	publisher = {Taylor \& Francis},
	number = {3},
	volume = {36},
	journal = {Australasian Journal of Philosophy},
	pages = {159--168}
}

@article{Hanks2007-HANTCD-3,
	publisher = {Springer},
	number = {2},
	year = {2007},
	title = {The Content--Force Distinction},
	pages = {141--164},
	volume = {134},
	journal = {Philosophical Studies},
	author = {Peter W. Hanks}
}

@article{Hanks2011-HANSPA-6,
	number = {477},
	year = {2011},
	doi = {10.1093/mind/fzr011},
	journal = {Mind},
	title = {Structured Propositions as Types},
	author = {Peter W. Hanks},
	volume = {120},
	pages = {11--52}
}

@book{Hanks2015-HANPC-2,
	author = {Peter Hanks},
	publisher = {Oxford University Press},
	year = {2015},
	title = {Propositional Content}
}

@article{Hawthorne2000-HAWOET,
	journal = {Mind},
	pages = {285--298},
	number = {434},
	doi = {10.1093/mind/109.434.285},
	volume = {109},
	title = {Origin Essentialism: The Arguments Reconsidered},
	publisher = {Oxford University Press},
	author = {John Hawthorne and Tamar Szab\'o Gendler},
	year = {2000}
}

@article{Hayaki2003-HAYAAH,
	publisher = {Springer},
	pages = {149--178},
	year = {2003},
	author = {Reina Hayaki},
	volume = {115},
	title = {Actualism and Higher-Order Worlds},
	number = {2},
	journal = {Philosophical Studies}
}

@article{Hayaki2006-HAYCOA,
	pages = {75--83},
	year = {2006},
	publisher = {Springer},
	number = {1},
	journal = {Erkenntnis},
	volume = {64},
	title = {Contingent Objects and the Barcan Formula},
	author = {Reina Hayaki}
}

@article{Heim1992-HEIPPA,
	volume = {9},
	author = {Irene Heim},
	journal = {Journal of Semantics},
	pages = {183--221},
	number = {3},
	title = {Presupposition Projection and the Semantics of Attitude Verbs},
	year = {1992}
}

@incollection{HellieForthcoming-HELRMM,
	author = {Benj Hellie and Adam Russell Murray and Jessica Wilson},
	year = {2021},
	title = {Relativized Metaphysical Modality: Index and Context},
	editor = {Ot\'avio Bueno and Scott Shalkowski},
	booktitle = {The Routledge Handbook of Modality},
	publisher = {New York: Routledge}
}

@incollection{Hellman2006-HELAAE-2,
	author = {Geoffrey Hellman},
	editor = {Agust\'{i}n Rayo and Gabriel Uzquiano},
	booktitle = {Absolute Generality},
	year = {2006},
	title = {Against 'Absolutely Everything'!},
	publisher = {Clarendon Press}
}

@article{Hintikka1961-HINMAQ,
	journal = {Theoria},
	pages = {119--128},
	number = {3},
	publisher = {Philosophy Department, Stockholm University},
	year = {1961},
	author = {Jaakko Hintikka},
	volume = {27},
	title = {Modality and Quantification}
}

@book{Hintikka1962-HINKAB,
	year = {1962},
	title = {Knowledge and Belief: An Introduction to the Logic of the Two Notions},
	publisher = {Ithaca: Cornell University Press},
	author = {Jaakko Hintikka}
}

@incollection{Hintikka1969,
	title = {Semantics for Propositional Attitudes},
	year = {1969},
	booktitle = {Philosophical Logic},
	pages = {21--45},
	publisher = {Dordrecht: D. Reidel},
	editor = {J.W. Davis, D.J. Hockney, and W.K. Wilson}
}

@article{Hintikka1976,
	number = {28},
	year = {1976},
	title = {The Semantics of Questions and the Questions of Semantics},
	volume = {4},
	journal = {Acta Philosophica Fennica},
	author = {Jaako Hintikka}
}

@book{Hirsch1993-HIRDR,
	author = {Eli Hirsch},
	publisher = {Oxford University Press},
	title = {Dividing Reality},
	year = {1993}
}

@book{Humberstone2011-HUMTC,
	author = {Lloyd Humberstone},
	publisher = {MIT Press},
	title = {The Connectives},
	year = {2011}
}

@book{Jackson1998-JACFMT,
	year = {1998},
	publisher = {Oxford University Press},
	title = {From Metaphysics to Ethics: A Defence of Conceptual Analysis},
	author = {Frank Jackson}
}

@article{Jones2016-JONTRL,
	number = {2},
	journal = {Philosophical Studies},
	volume = {173},
	publisher = {Springer Verlag},
	author = {Nicholas Jones},
	pages = {479--503},
	year = {2016},
	title = {The Representational Limits of Possible Worlds Semantics}
}

@article{Jones2021-JONUQA,
	year = {2021},
	volume = {102},
	journal = {Philosophy and Phenomenological Research},
	pages = {44--64},
	author = {Nicholas K. Jones and Salvatore Florio},
	title = {Unrestricted Quantification and the Structure of Type Theory},
	number = {1}
}

@article{Jubien1991-JUBCTB,
	volume = {100},
	pages = {249--267},
	number = {2},
	author = {Michael Jubien},
	publisher = {Duke University Press},
	journal = {Philosophical Review},
	year = {1991},
	title = {Could This Be Magic?}
}

@article{Jubien2001-JUBPAT,
	publisher = {Springer},
	journal = {Philosophical Studies},
	volume = {104},
	pages = {47--62},
	number = {1},
	author = {Michael Jubien},
	year = {2001},
	title = {Propositions and the Objects of Thought}
}

@phdthesis{Kamp1968-KAMTLA,
	school = {Ucla},
	author = {Hans Kamp},
	year = {1968},
	title = {Tense Logic and the Theory of Linear Order}
}

@article{Kamp1971-KAMTTM,
	author = {Hans Kamp},
	publisher = {Philosophy Department, Stockholm University},
	doi = {10.1111/j.1755-2567.1971.tb00071.x},
	volume = {37},
	pages = {227--273},
	journal = {Theoria},
	year = {1971},
	title = {Formal Properties of 'Now'},
	number = {3}
}

@incollection{Kaplan1973-KAPBAC,
	author = {David Kaplan},
	title = {Bob and Carol and Ted and Alice},
	editor = {Jaakko Hintikka},
	pages = {490--518},
	publisher = {D. Reidel Publishing},
	booktitle = {Approaches to Natural Language},
	year = {1973}
}

@article{Kaplan1979-KAPOTL,
	journal = {Journal of Philosophical Logic},
	title = {On the Logic of Demonstratives},
	author = {David Kaplan},
	doi = {10.1007/BF00258420},
	publisher = {Springer},
	volume = {8},
	pages = {81--98},
	year = {1979},
	number = {1}
}

@incollection{Kaplan1989-KAPD,
	pages = {481--563},
	publisher = {Oxford University Press; published 1989},
	editor = {Joseph Almog, John Perry, and Howard Wettstein},
	author = {David Kaplan},
	title = {Demonstratives},
	booktitle = {Themes From Kaplan},
	year = {1977}
}



@incollection{Kaplan1989-KAPA,
	booktitle = {Themes From Kaplan},
	publisher = {Oxford University Press},
	title = {Afterthoughts},
	editor = {J. Almog and J. Perry and H. Wettstein},
	pages = {565--614},
	author = {David Kaplan},
	year = {1989}
}

@incollection{Kaplan1989-KAPA,
	pages = {565--614},
	title = {Afterthoughts},
	author = {David Kaplan},
	publisher = {Oxford University Press},
	booktitle = {Themes From Kaplan},
	year = {1989},
	editor = {J. Almog and J. Perry and H. Wettstein}
}

@incollection{Kaplan1995-KAPAPI,
	author = {David Kaplan},
	editor = {Walter Sinnott{-}Armstrong and Diana Raffman and Nicholas Asher},
	title = {A Problem in Possible Worlds Semantics},
	booktitle = {Modality, Morality and Belief: Essays in Honor of Ruth Barcan Marcus},
	pages = {41--52},
	publisher = {Cambridge University Press},
	year = {1995}
}

@article{Karttunen1977-KARSAS,
	year = {1977},
	author = {Lauri Karttunen},
	journal = {Linguistics and Philosophy},
	volume = {1},
	title = {Syntax and Semantics of Questions},
	number = {1},
	publisher = {Springer},
	pages = {3--44},
	doi = {10.1007/BF00351935}
}

@article{Keller2013-KELTMO-9,
	pages = {655--678},
	year = {2013},
	author = {Lorraine Juliano Keller},
	publisher = {Routledge},
	number = {5-6},
	title = {The Metaphysics of Propositional Constituency},
	volume = {43},
	journal = {Canadian Journal of Philosophy}
}

@article{Keller2013-KELCAS-2,
	title = {Compositionality and Structured Propositions},
	number = {4},
	volume = {2},
	pages = {313--323},
	author = {Lorraine Juliano Keller and John A. Keller},
	year = {2013},
	journal = {Thought: A Journal of Philosophy}
}

@incollection{Keller2022,
	title = {Simple Propositions},
	author = {Lorraine Juliano Keller},
	booktitle = {The Routledge Handbook of Propositions},
	editor = {Chris Tillman and Adam Russell Murray},
	year = {2022},
	publisher = {Routledge}
}

@article{King2019-KINOPA-2,
	title = {On Propositions and Fineness of Grain (Again!)},
	volume = {196},
	journal = {Synthese},
	author = {Jeffrey C. King},
	year = {2019},
	number = {4},
	publisher = {Springer Verlag}
}

@article{King2009-KINXOU,
	number = {1pt3},
	publisher = {Wiley-Blackwell},
	year = {2009},
	author = {Jeffrey C. King},
	pages = {257--277},
	journal = {Proceedings of the Aristotelian Society},
	volume = {109},
	title = {Questions of Unity}
}

@article{King2002-KINDP,
	year = {2002},
	pages = {341--371},
	volume = {111},
	number = {3},
	title = {Designating Propositions},
	journal = {Philosophical Review},
	author = {Jeffrey C. King},
	publisher = {Duke University Press}
}

@article{King2003-KINTMA,
	author = {Jeffrey C. King},
	journal = {Philosophical Perspectives},
	year = {2003},
	volume = {17},
	doi = {10.1111/j.1520-8583.2003.00009.x},
	pages = {195--246},
	number = {1},
	title = {Tense, Modality, and Semantic Values}
}

@book{King2007-KINTNA,
	publisher = {Oxford University Press},
	author = {Jeffrey C. King},
	year = {2007},
	title = {The Nature and Structure of Content}
}

@book{King2014-KINNTA,
	year = {2014},
	publisher = {Oxford University Press},
	author = {Jeffrey C. King and Scott Soames and Jeff Speaks},
	title = {New Thinking About Propositions}
}

@book{Kneale1962-KNETDO-6,
	year = {1962},
	publisher = {Oxford, England: Clarendon Press},
	title = {The Development of Logic},
	author = {William Kneale and Martha Kneale}
}

@incollection{Krifka2001-KRIFAS,
	editor = {},
	publisher = {Academie Verlag},
	pages = {287--320},
	booktitle = {Audiatur Vox Sapientia. A Festschrift for Arnim von Stechow},
	year = {2001},
	title = {For a Structured Meaning Account of Questions and Answers},
	author = {Manfred Krifka}
}

@article{Krifka2015,
	year = {2015},
	pages = {328--345},
	volume = {23},
	number = {3},
	title = {Bias in Committment Space Semantics},
	journal = {Semantics and Linguistic Theory},
	author = {Manfred Krifka}
	}

@article{Kripke1959-KRIACT,
	title = {A Completeness Theorem in Modal Logic},
	doi = {10.2307/2964568},
	journal = {Journal of Symbolic Logic},
	volume = {24},
	author = {Saul A. Kripke},
	year = {1959},
	pages = {1--14},
	number = {1},
	publisher = {Association for Symbolic Logic}
}

@article{Kripke1963-KRISCO,
	title = {Semantical Considerations on Modal Logic},
	journal = {Acta Philosophica Fennica},
	volume = {16},
	pages = {83--94},
	year = {1963},
	author = {Saul A. Kripke}
}

@incollection{Kripke1979-KRIAPA,
	publisher = {Reidel},
	booktitle = {Meaning and Use},
	title = {A Puzzle About Belief},
	editor = {A. Margalit},
	pages = {239--83},
	author = {Saul A. Kripke},
	year = {1979}
}

@book{Kripke1980-KRINAN,
	author = {Saul Kripke},
	title = {Naming and Necessity},
	publisher = {Harvard University Press},
	year = {1980}
}

@incollection{Kaplan1995-KAPAPI,
	author = {David Kaplan},
	editor = {Walter Sinnott{-}Armstrong and Diana Raffman and Nicholas Asher},
	title = {A Problem in Possible Worlds Semantics},
	booktitle = {Modality, Morality and Belief: Essays in Honor of Ruth Barcan Marcus},
	pages = {41--52},
	publisher = {Cambridge University Press},
	year = {1995}
}

@incollection{Kneale1970,
	booktitle = {G.E. Moore: Essays in Retrospect},
	title = {Propositions and Time},
	publisher = {Allen and Unwin},
	editor = {A.\ Ambrose and M.\ Lazerowitz},
	year = {1970},
	author = {William Kneale and Martha Kneale}
}


@article{Leonard1940-LEOTCO-2,
	pages = {45--55},
	publisher = {Association for Symbolic Logic},
	year = {1940},
	title = {The Calculus of Individuals and its Uses},
	doi = {10.2307/2266169},
	number = {2},
	author = {Henry S. Leonard and Nelson Goodman},
	journal = {Journal of Symbolic Logic},
	volume = {5}
}

@article{Leeds2007-LEEPAM,
	number = {4},
	year = {2007},
	publisher = {Wiley-Blackwell},
	journal = {Pacific Philosophical Quarterly},
	title = {Physical and Metaphysical Necessity},
	author = {Stephen Leeds},
	volume = {88},
	pages = {458--485}
}

@book{Lepore2007-LEPDDT,
	year = {2007},
	author = {Ernest Lepore and Kirk Ludwig},
	title = {Donald Davidson's Truth-Theoretic Semantics},
	publisher = {Clarendon Press}
}

@article{Leslie2011-LESEPA,
	title = {Essence, Plenitude, and Paradox},
	volume = {25},
	pages = {277--296},
	journal = {Philosophical Perspectives},
	author = {Sarah-Jane Leslie},
	number = {1},
	year = {2011}
}

@article{Lewis1943-LEWTMO,
	title = {The Modes of Meaning},
	journal = {Philosophy and Phenomenological Research},
	doi = {10.2307/2103080},
	volume = {4},
	author = {C. I. Lewis},
	year = {1943},
	pages = {236--250},
	number = {2},
	publisher = {International Phenomenological Society}
}

@article{Lewis1968-LEWCTA,
	title = {Counterpart Theory and Quantified Modal Logic},
	number = {5},
	year = {1968},
	author = {David K. Lewis},
	pages = {113--126},
	publisher = {Journal of Philosophy Inc},
	journal = {Journal of Philosophy},
	volume = {65}
}

@book{Lewis1973-LEWC-2,
	publisher = {Blackwell},
	title = {Counterfactuals},
	author = {David Lewis},
	year = {1973}
}

@article{Lewis2000-LEWCAI,
	number = {4},
	author = {David K. Lewis},
	volume = {97},
	journal = {Journal of Philosophy},
	title = {Causation as Influence},
	doi = {jphil200497437},
	publisher = {Mit Press},
	year = {2000},
	pages = {182--197}
}

@book{Lewis1986,
	author = {David Lewis},
	publisher = {Wiley-Blackwell},
	title = {On the Plurality of Worlds},
	year = {1986}
}

@article{Lewis1970-LEWGS,
	journal = {Synthese},
	pages = {18--67},
	author = {David K. Lewis},
	doi = {10.1007/bf00413598},
	publisher = {Springer},
	volume = {22},
	year = {1970},
	number = {1-2},
	title = {General Semantics}
}

@article{Lewis1979-LEWADD,
	pages = {513--543},
	year = {1979},
	journal = {Philosophical Review},
	title = {Attitudes de Dicto and de Se},
	volume = {88},
	author = {David Lewis},
	publisher = {Duke University Press},
	number = {4}
}

@incollection{Lewis1980-LEWICA,
	title = {Index, Context, and Content},
	editor = {Stig Kanger and Sven \"Ohman},
	booktitle = {Philosophy and Grammar},
	publisher = {Reidel},
	author = {David K. Lewis},
	pages = {79--100},
	year = {1980}
}

@incollection{Lewis1986-LEWE,
	editor = {David Lewis},
	title = {Events},
	year = {1986},
	pages = {241--269},
	booktitle = {Philosophical Papers Vol. II},
	publisher = {Oxford University Press},
	author = {David Lewis}
}

@article{Lewis1986-LEWASU,
	author = {David K. Lewis},
	volume = {64},
	pages = {25--46},
	journal = {Australasian Journal of Philosophy},
	number = {1},
	publisher = {Taylor \& Francis},
	title = {Against Structural Universals},
	year = {1986}
}

@book{Lewis1991-LEWPOC-3,
	author = {David Lewis},
	title = {Parts of Classes},
	publisher = {Blackwell},
	year = {1991}
}

@article{Lewis1996-LEWEK,
	year = {1996},
	publisher = {Cambridge University Press},
	volume = {74},
	title = {Elusive Knowledge},
	number = {4},
	pages = {549--567},
	author = {David K. Lewis},
	journal = {Australasian Journal of Philosophy}
}

@article{Linsky1994-LINIDO,
	volume = {8},
	author = {Bernard Linsky and Edward N. Zalta},
	year = {1994},
	publisher = {Ridgeview},
	journal = {Philosophical Perspectives},
	title = {In Defense of the Simplest Quantified Modal Logic},
	pages = {431--458}
}

@article{Linsky1996-LINIDO-2,
	title = {In Defense of the Contingently Nonconcrete},
	journal = {Philosophical Studies},
	pages = {283--294},
	publisher = {Springer},
	author = {Bernard Linsky and Edward N. Zalta},
	number = {2-3},
	year = {1996},
	volume = {84}
}

@article{Mackie1994-MACSCA,
	author = {Penelope Mackie},
	pages = {311--333},
	doi = {10.2307/2219612},
	journal = {Philosophical Quarterly},
	number = {176},
	year = {1994},
	volume = {44},
	title = {Sortal Concepts and Essential Properties},
	publisher = {Wiley-Blackwell}
}

@article{Barcan1946-BARAFC,
	journal = {Journal of Symbolic Logic},
	volume = {11},
	author = {Ruth C. Barcan},
	pages = {1--16},
	number = {1},
	year = {1946},
	title = {A Functional Calculus of First Order Based on Strict Implication},
	publisher = {Association for Symbolic Logic}
}

@article{Barcan1947-BARTIO-2,
	journal = {Journal of Symbolic Logic},
	volume = {12},
	author = {Ruth C. Barcan},
	pages = {12--15},
	number = {1},
	title = {The Identity of Individuals in a Strict Functional Calculus of Second Order},
	publisher = {Association for Symbolic Logic},
	year = {1947}
}

@article{Marcus1961-MARMAI,
	journal = {Synthese},
	volume = {13},
	author = {Ruth Barcan Marcus},
	pages = {303--322},
	number = {4},
	year = {1961},
	title = {Modalities and Intensional Languages},
	publisher = {Springer}
}

@article{Marcus1985-MARPAP-13,
	pages = {107--133},
	number = {1},
	year = {1985},
	title = {Possibilia and Possible Worlds},
	publisher = {Rodopi},
	journal = {Grazer Philosophische Studien},
	volume = {25},
	author = {Ruth Barcan Marcus}
}

@book{Marcus1946-MARAFC,
	year = {1946},
	author = {Ruth Barcan[from old catalog] Marcus},
	publisher = {[N. P.},
	title = {A Functional Calculus of First Order Based on Strict Implication}
}

@article{Marcus1961-MARMAI,
	title = {Modalities and Intensional Languages},
	publisher = {Springer},
	number = {4},
	journal = {Synthese},
	year = {1961},
	volume = {13},
	author = {Ruth Barcan Marcus},
	doi = {10.1007/BF00486629},
	pages = {303--322}
}

@article{Marusic2014-MARPAJ,
	number = {2},
	year = {2014},
	title = {Propositions and Judgments in Locke and Arnauld: A Monstrous and Unholy Union?},
	volume = {52},
	pages = {255--280},
	author = {Jennifer Smalligan Maru\v{s}i},
	doi = {10.1353/hph.2014.0029},
	journal = {Journal of the History of Philosophy}
}

@article{McDowell1984-MCDDRS,
	doi = {10.2307/2218761},
	pages = {283--294},
	volume = {34},
	title = {De Re Senses},
	author = {John McDowell},
	journal = {Philosophical Quarterly},
	number = {136},
	publisher = {Wiley-Blackwell},
	year = {1984}
}

@book{McDowell1998-MCDMKA,
	publisher = {Harvard University Press},
	year = {1998},
	author = {John Henry McDowell},
	title = {Meaning, Knowledge, and Reality}
}

@incollection{Meinong1904,
	author = {Alexius Meinong},
	title = {Theory of Objects},
	editor = {Roderick Chisholm},
	publisher = {Glencoe, Ill., Free Press},
	booktitle = {Realism and the Background of Phenomenology},
	year = {1904}
}

@article{Menzel1990-MENAOC,
	journal = {Synthese},
	pages = {355--389},
	publisher = {Springer},
	volume = {85},
	year = {1990},
	number = {3},
	author = {Christopher Menzel},
	title = {Actualism, Ontological Commitment, and Possible World Semantics}
}

@article{Menzel1991-MENTTM,
	author = {Christopher Menzel},
	volume = {20},
	journal = {Journal of Philosophical Logic},
	pages = {331--374},
	year = {1991},
	title = {The True Modal Logic},
	number = {4},
	publisher = {Springer}
}

@book{Merricks2015-MERP-13,
	title = {Propositions},
	publisher = {Oxford, England: Oxford University Press},
	author = {Trenton Merricks},
	year = {2015}
}

@unpublished{MeredithPrior,
	title = {Interpretations of Different Modal Logics in the Property
		Calculus}, 
	author = {Carew Meredith and A.N. Prior},
	year = {1956},
	note = {University of Canterbury Department of Philosophy (mimeograph)}
}


@article{Moltmann2013-MOLPAO,
	journal = {Canadian Journal of Philosophy, Supplementary Volume on Propositions, Edited by G. Rattan and D. Hunter},
	author = {Friederike Moltmann},
	volume = {43},
	title = {Propositions, Attitudinal Objects, and the Distinction Between Actions and Products},
	publisher = {Routledge},
	doi = {10.1080/00455091.2014.892770},
	number = {5-6},
	pages = {679--701},
	year = {2013}
}

@incollection{Moltmann2017-MOLCPA,
	pages = {254--289},
	booktitle = {Act-Based Conceptions of Propositional Content. Contemporary and Historical Perspectives},
	year = {2017},
	editor = {Friederike Moltmann and Mark Textor},
	author = {Friederike Moltmann},
	title = {Cognitive Products and the Semantics of Attitude Verbs and Deontic Modals},
	publisher = {New York: Oxford University Press}
}

@incollection{Moltmann2019-MOLAOT-4,
	publisher = {Routledge},
	title = {Attitudinal Objects: Their Ontology and Importance for Philosophy and Natural Language Semantics},
	editor = {Brian Brian and Christoph Schuringa},
	author = {Friederike Moltmann},
	year = {2019},
	booktitle = {Judgment. Act and Object.  Routledge Studies in Contemporary Philosophy},
	pages = {180--201}
}

@article{Montague1970-MONPAI,
	title = {Pragmatics and Intensional Logic},
	journal = {Synthese},
	author = {Richard Montague},
	publisher = {Springer},
	number = {1-2},
	volume = {22},
	doi = {10.1007/BF00413599},
	pages = {68--94},
	year = {1970}
}

@article{Montague1969-MONOTN-2,
	number = {2},
	author = {Richard Montague},
	year = {1969},
	title = {On the Nature of Certain Philosophical Entities},
	volume = {53},
	journal = {The Monist},
	pages = {159--194},
	publisher = {The Hegeler Institute}
}

@article{Moore1999-MOOPNA,
	pages = {229--263},
	number = {2},
	journal = {Synthese},
	title = {Propositions, Numbers, and the Problem of Arbitrary Identification},
	publisher = {Springer Netherlands},
	doi = {10.1023/A:1005231231924},
	volume = {120},
	author = {Joseph G. Moore},
	year = {1999}
}

@article{Mousavian2011-MOUGP,
	publisher = {University of Calgary Press},
	title = {Gappy Propositions?},
	doi = {10.1353/cjp.2011.0003},
	journal = {Canadian Journal of Philosophy},
	number = {1},
	year = {2011},
	author = {Seyed N. Mousavian},
	volume = {41},
	pages = {125--157}
}

@incollection{Murray2012-MURRMM,
	author = {Adam R. Murray and Jessica M. Wilson},
	year = {2012},
	title = {Relativized Metaphysical Modality},
	editor = {Karen Bennett and Dean Zimmerman},
	booktitle = {Oxford Studies in Metaphysics},
	publisher = {Oxford University Press},
	pages = {189}
}

@book{Murraydiss,
	author = {Adam R. Murray},
	title = {Perspectives on Modal Metaphysics},
	note = {PhD Thesis; University of Toronto},
	year = {2017}
}

@incollection{MurrayTillman,
	title = {Introduction},
	booktitle = {The Routledge Handbook of Propositions},
	author = {Adam R. Murray and Chris Tillman},
	editor = {Chris Tillman and Adam R. Murray},
	publisher = {Routledge},
	year = {2022}
}

@incollection{Murraypropdep,
	title = {Propositional Dependence and Perspectival Shift}, 
	year = {2022},
	author = {Adam R. Murray},
	editor = {Chris Tillman and Adam Murray}, 
	booktitle = {The Routledge Handbook of Propositions},
	publisher = {Routledge}
}

@incollection{Muskens2006-MUSHOM,
	title = {Higher Order Modal Logic},
	pages = {621--653},
	year = {2006},
	author = {Reinhard Muskens},
	editor = {Patrick Blackburn and Johan Van Benthem and Frank Wolter},
	booktitle = {Handbook of Modal Logic},
	publisher = {Elsevier}
}

@article{Myhill1958-MYHPAI,
	pages = {78--83},
	journal = {Logique Et Analyse},
	author = {John Myhill},
	publisher = {Association for Symbolic Logic},
	number = {1},
	doi = {10.2307/2272577},
	volume = {1},
	title = {Problems Arising in the Formalization of Intensional Logic},
	year = {1958}
}

@book{Ott2003-OTTLPO-4,
	author = {Walter R. Ott},
	title = {Locke's Philosophy of Language},
	year = {2003},
	publisher = {Cambridge University Press}
}

@article{Pelletier2001-PELDFB,
	year = {2001},
	volume = {10},
	pages = {87--114},
	author = {Francis Jeffry Pelletier},
	number = {1},
	journal = {Journal of Logic, Language and Information},
	publisher = {Springer Netherlands},
	title = {Did Frege Believe Frege's Principle?}
}

@article{Perry1977-PERFOD,
	publisher = {Duke University Press},
	journal = {Philosophical Review},
	pages = {474--497},
	number = {4},
	title = {Frege on Demonstratives},
	doi = {10.2307/2184564},
	year = {1977},
	author = {John Perry},
	volume = {86}
}

@article{Perry1979-PERTPO,
	volume = {13},
	author = {John Perry},
	doi = {10.2307/2214792},
	year = {1979},
	pages = {3--21},
	journal = {No\^us},
	publisher = {Wiley-Blackwell},
	number = {1},
	title = {The Problem of the Essential Indexical}
}

@book{Pietroski-CM,
	title = {Conjoining Meanings: Semantics without Truth Values},
	author = {Paul M. Pietroski}, 
	publisher = {Oxford University Press}, 
	year = {2018}
}

@book{Plantinga1974-PLATNO,
	title = {The Nature of Necessity},
	author = {Alvin Plantinga},
	year = {1974},
	publisher = {Clarendon Press}
}

@article{Plantinga1976-PLAAAP,
	number = {1-3},
	author = {Alvin Plantinga},
	title = {Actualism and Possible Worlds},
	year = {1976},
	publisher = {Philosophy Department, Stockholm University},
	doi = {10.1111/j.1755-2567.1976.tb00681.x},
	journal = {Theoria},
	volume = {42},
	pages = {139--160}
}

@book{Prior1955-PRIFL-4,
	title = {Formal Logic},
	author = {A.N. Prior},
	year = {1955},
	publisher = {Oxford University Press}
}

@article{Prior1956-PRIMAQ,
	volume = {21},
	number = {1},
	pages = {60--62},
	publisher = {Association for Symbolic Logic},
	title = {Modality and Quantification in S5},
	journal = {Journal of Symbolic Logic},
	year = {1956},
	author = {A. N. Prior}
}

@book{Prior1957-TAM,
	publisher = {Oxford University Press},
	year = {1957},
	title = {Time and Modality},
	author = {A. N. Prior}
}

@article{Prior1959-ANPTGT,
	title = {Thank Goodness That's Over},
	pages = {12--17},
	number = {128},
	author = {A. N. Prior},
	publisher = {Cambridge University Press},
	volume = {34},
	doi = {10.1017/S0031819100029685},
	year = {1959},
	journal = {Philosophy}
}

@article{Prior1961-ANPOAF,
	year = {1961},
	publisher = {Duke University Press},
	pages = {16--32},
	author = {A. N. Prior},
	number = {1},
	title = {On a Family of Paradoxes},
	doi = {10.1305/ndjfl/1093956750},
	journal = {Notre Dame Journal of Formal Logic},
	volume = {2}
}

@book{Prior1967-PRIPPA-2,
	title = {Past, Present and Future},
	year = {1967},
	publisher = {Clarendon Press},
	author = {Arthur Prior}
}

@Article{Prior1969-PRITPA-2,
  Title                    = {{The Possibly-True and the Possible}},
  Author                   = {A.N. Prior},
  Journal                  = {Mind},
  Year                     = {1969},
  Number                   = {312},
  Pages                    = {481--492},
  Volume                   = {78},

  Publisher                = {Oxford University Press}
}

@Article{Prior1968-PRIMLA,
  Title                    = {{Modal Logic and the Logic of Applicability}},
  Author                   = {A.N. Prior},
  Journal                  = {Theoria},
  Year                     = {1968},
  Number                   = {3},
  Pages                    = {183--202},
  Volume                   = {34},

  Publisher                = {Philosophy Department, Stockholm University}
}

@book{PRIOR1971-PRIOOT-2,
	author = {A. N. Prior},
	year = {1971},
	title = {Objects of Thought},
	publisher = {Clarendon Press}
}

@incollection{Kaplan1995-KAPAPI,
	author = {David Kaplan},
	editor = {Walter Sinnott{-}Armstrong and Diana Raffman and Nicholas Asher},
	title = {A Problem in Possible Worlds Semantics},
	booktitle = {Modality, Morality and Belief: Essays in Honor of Ruth Barcan Marcus},
	pages = {41--52},
	publisher = {Cambridge University Press},
	year = {1995}
}

@incollection{Kripke2011-KRIAPA-3,
	title = {A Puzzle About Time and Thought},
	year = {2011},
	booktitle = {Philosophical Troubles. Collected Papers Vol I},
	publisher = {Oxford University Press},
	author = {Saul A. Kripke},
	editor = {Saul A. Kripke}
}

@article{Prior1961-ANPOAF,
	year = {1961},
	publisher = {Duke University Press},
	pages = {16--32},
	author = {A. N. Prior},
	number = {1},
	title = {On a Family of Paradoxes},
	doi = {10.1305/ndjfl/1093956750},
	journal = {Notre Dame Journal of Formal Logic},
	volume = {2}
}

@article{Quine1948-QUIOWT-7,
	pages = {21--38},
	doi = {revmetaph19482115},
	year = {1948},
	number = {5},
	publisher = {Philosophy Education Society},
	author = {Willard Van Orman Quine},
	volume = {2},
	title = {On What There Is},
	journal = {Review of Metaphysics}
}

@book{Quine1960-QUIWAO,
	year = {1960},
	publisher = {MIT Press},
	author = {Willard Van Orman Quine},
	title = {Word and Object}
}

@book{Quine1970-QUIPOL-2,
	author = {W. V. O. Quine},
	title = {Philosophy of Logic},
	publisher = {Harvard University Press},
	year = {1970}
}

@article{Quine1978-QUIFOT,
	pages = {155--169},
	doi = {10.5840/swjphil19789232},
	author = {W. V. Quine},
	volume = {9},
	year = {1978},
	journal = {Southwestern Journal of Philosophy},
	publisher = {Southwestern Philosophical Society},
	number = {2},
	title = {Facts of the Matter}
}

@incollection{Quine1980-QUITVA,
	author = {W. V. O. Quine},
	editor = {Z. Van Straaten},
	title = {The Variable and its Place in Reference},
	year = {1980},
	pages = {164--73},
	booktitle = {Philosophical Subjects},
	publisher = {Oxford University Press}
}

@book{Rayo2006-RAYAG,
	publisher = {Oxford and New York: Oxford University Press},
	year = {2006},
	author = {Agustin Rayo and Gabriel Uzquiano},
	title = {Absolute Generality}
}

@incollection{RecanatiManuscript-RECITE-2,
	title = {Immunity to Error Through Misidentification: What It is and Where It Comes From},
	publisher = {Cambridge University Press},
	author = {Fran\c{c}ois Recanati},
	pages = {180--201},
	editor = {Simon Prosser and Francois Recanati},
	booktitle = {Immunity to Error Through Misidentification: New Essays}
}

@article{Richard1981-RICTAE,
	title = {Temporalism and Eternalism},
	doi = {10.1007/BF00354808},
	pages = {1--13},
	number = {1},
	publisher = {Springer},
	author = {Mark Richard},
	year = {1981},
	journal = {Philosophical Studies},
	volume = {39}
}

@book{Richard1990-RICPAA-12,
	author = {Mark Richard},
	publisher = {Cambridge University Press},
	year = {1990},
	title = {Propositional Attitudes: An Essay on Thoughts and How We Ascribe Them}
}

@incollection{RichardPATPs,
	author = {Mark Richard},
	title = {Propositions as Theoretical Posits},
	booktitle = {The Routledge Handbook of Propositions},
	publisher = {Routledge},
	year = {Forthcoming},
	editor = {Chris Tillman and Adam R.\ Murray}
}

@article{Robertson2000-ROBEOA,
	author = {Teresa Robertson},
	volume = {109},
	publisher = {Oxford University Press},
	doi = {10.1093/mind/109.434.299},
	number = {434},
	title = {Essentialism: Origin and Order},
	year = {2000},
	pages = {299--307},
	journal = {Mind}
}

@article{Robertson1998-ROBPAT,
	pages = {729--750},
	number = {428},
	journal = {Mind},
	title = {Possibilities and the Arguments for Origin Essentialism},
	author = {Teresa Robertson},
	publisher = {Oxford University Press},
	year = {1998},
	doi = {10.1093/mind/107.428.729},
	volume = {107}
}

@article{Roca-Royes2006-ROCRAD,
	doi = {10.1093/mind/fzl361},
	volume = {115},
	title = {Rohrbaugh and deRosset on the Necessity of Origin},
	author = {Sonia Roca{-}Royes and Ross Cameron},
	publisher = {Oxford University Press},
	year = {2006},
	journal = {Mind},
	pages = {361--366},
	number = {458}
}

@article{Rohrbaugh2004-ROHANR,
	volume = {113},
	doi = {10.1093/mind/113.452.705},
	publisher = {Oxford University Press},
	author = {Guy Rohrbaugh and Louis deRosset},
	year = {2004},
	title = {A New Route to the Necessity of Origin},
	journal = {Mind},
	pages = {705--725},
	number = {452}
}

@article{Rohrbaugh2006-ROHPIA,
	title = {Prevention, Independence, and Origin},
	author = {Guy Rohrbaugh and Louis deRosset},
	publisher = {Oxford University Press},
	year = {2006},
	doi = {10.1093/mind/fzl375},
	volume = {115},
	pages = {375--386},
	number = {458},
	journal = {Mind}
}

@incollection{Rosen2002-ROSASI,
	title = {A Study in Modal Deviance},
	editor = {John Hawthorne and Tamar Gendler},
	booktitle = {Conceivability and Possibility},
	year = {2002},
	author = {Gideon Rosen},
	publisher = {Oxford University Press},
	pages = {283--307}
}

@incollection{Rosen2006-ROSTLO-2,
	pages = {13--39},
	publisher = {Oxford University Press},
	editor = {Fraser MacBride},
	booktitle = {Identity and Modality},
	author = {Gideon Rosen},
	title = {The Limits of Contingency},
	year = {2006}
}

@unpublished{Russell1904-RUSLTF,
	title = {Letter to Frege, 12 December 1904},
	author = {Bertrand Russell},
	year = {1904}
}

@article{Russell1905-RUSOD,
	number = {56},
	year = {1905},
	volume = {14},
	author = {Bertrand Russell},
	publisher = {Duke University Press},
	pages = {479--493},
	title = {On Denoting},
	doi = {10.1093/mind/xiv.4.479},
	journal = {Mind}
}

@article{Russell1911-RUSTBO-3,
	volume = {8},
	doi = {10.2307/2013237},
	journal = {Journal of Philosophy, Psychology and Scientific Methods},
	title = {The Basis of Realism},
	publisher = {Journal of Philosophy Inc},
	number = {6},
	pages = {158--161},
	year = {1911},
	author = {B. Russell}
}

@incollection{Russell1910-RUSOTN-4,
	title = {On the Nature of Truth and Falsehood},
	editor = {Bertrand Russell},
	author = {Bertrand Russell},
	year = {1910},
	booktitle = {Philosophical Essays},
	publisher = {Longmans, Green}
}

@book{Russell1912-RUSTPO-49,
	publisher = {Home University Library},
	year = {1912},
	author = {Bertrand Russell},
	title = {The Problems of Philosophy}
}

@book{Russell1903-RUSTPO-77,
	publisher = {Allen \& Unwin},
	author = {Bertrand Russell},
	title = {The Principles of Mathematics},
	year = {1903}
}

@article{Russell1911-RUSKBA,
	publisher = {Pelican Books},
	journal = {Proceedings of the Aristotelian Society},
	year = {1911},
	author = {Bertrand Russell},
	volume = {11},
	pages = {108--28},
	title = {Knowledge by Acquaintance and Knowledge by Description},
	doi = {10.1093/aristotelian/11.1.108}
}

@book{Russell2008-RUSTIV,
	title = {Truth in Virtue of Meaning},
	publisher = {Oxford University Press},
	author = {Gillian Kay Russell},
	year = {2008}
}

@article{Salmon1984-SALIW,
	year = {1984},
	volume = {44},
	title = {Impossible Worlds},
	author = {Nathan Salm\'{o}n},
	publisher = {Oxford University Press},
	pages = {114--117},
	number = {3},
	journal = {Analysis}
}

@article{Salmon1986-NATMPP,
	volume = {11},
	year = {1986},
	title = {Modal Paradox: Parts and Counterparts, Points and Counterpoints},
	author = {Nathan Salm\'{o}n},
	publisher = {Wiley-Blackwell},
	pages = {75--120},
	number = {1},
	journal = {Midwest Studies in Philosophy}
}

@book{Salmon1981-SALRAE,
	publisher = {Princeton, New Jersey: Princeton University Press},
	year = {1981},
	author = {Nathan Salm\'{o}n},
	title = {Reference and Essence}
}

@article{Salmon2005-SALOD,
	volume = {114},
	doi = {10.1093/mind/fzi1069},
	journal = {Mind},
	title = {On Designating},
	number = {456},
	publisher = {Oxford University Press},
	author = {Nathan Salmon},
	year = {2005},
	pages = {1069--1133}
}

@book{Salmon1986-SALFP,
	title = {Frege\textquoteright{}s Puzzle},
	year = {1986},
	publisher = {Ridgeview},
	author = {Nathan Salm\'{o}n}
}

@article{Salmon1989-SALTLO,
	author = {Nathan Salm\'{o}n},
	year = {1989},
	volume = {98},
	journal = {Philosophical Review},
	pages = {3--34},
	publisher = {Duke University Press},
	number = {1},
	title = {The Logic of What Might Have Been}
}

@article{Salmon1998-SALN,
		year = {1998},
	number = {3},
	journal = {No\^us},
	author = {Nathan Salmon},
	publisher = {Wiley-Blackwell},
	volume = {32},
	pages = {277--319},
	title = {Nonexistence}
}

@incollection{Salmon2003-SALTAI-4,
	editor = {Aleksandar Joki and Quentin Smith},
	title = {Tense and Intension},
	booktitle = {Time, Tense, and Reference},
	year = {2003},
	publisher = {MIT Press},
	pages = {107--154},
	author = {Nathan Salmon}
}

@article{Schiffer1987-SCHTFT,
	journal = {Philosophical Perspectives},
	doi = {10.2307/2214153},
	volume = {1},
	title = {The 'Fido'-Fido Theory of Belief},
	publisher = {Wiley-Blackwell},
	year = {1987},
	author = {Stephen Schiffer},
	pages = {455--480}
}

@article{Schiffer1992-SCHBA,
	publisher = {Journal of Philosophy Inc},
	number = {10},
	pages = {499--521},
	year = {1992},
	author = {Stephen Schiffer},
	doi = {jphil199289108},
	journal = {Journal of Philosophy},
	volume = {89},
	title = {Belief Ascription}
}

@book{Schiffer2003-SCHTTW-2,
	title = {The Things We Mean},
	author = {Stephen Schiffer},
	year = {2003},
	publisher = {Oxford University Press}
}

@article{Schiffer2006-SCHAPF,
	title = {A Problem for a Direct-Reference Theory of Belief Reports},
	volume = {40},
	doi = {10.1111/j.0029-4624.2006.00614.x},
	journal = {No\^us},
	pages = {361--368},
	year = {2006},
	author = {Stephen Schiffer},
	publisher = {Blackwell Publishing},
	number = {2}
}

@book{Schock1968-SCHLWE,
	author = {Rolf Schock},
	title = {Logics Without Existence Assumptions},
	publisher = {Stockholm, Sweden: Stockholm, Almqvist \& Wiksell},
	year = {1968}
}

@book{Searle1969-SEASAA-6,
	year = {1969},
	title = {Speech Acts: An Essay in the Philosophy of Language},
	author = {John R. Searle},
	publisher = {Cambridge University Press}
}

@article{Segerberg1973-SEGTML,
	number = {1},
	title = {Two-Dimensional Modal Logic},
	year = {1973},
	journal = {Journal of Philosophical Logic},
	pages = {77--96},
	volume = {2},
	doi = {10.1007/bf02115610},
	publisher = {Springer},
	author = {Krister Segerberg}
}

@InCollection{sep-perception-contents,
	author       =	{Siegel, Susanna},
	title        =	{{The Contents of Perception}},
	booktitle    =	{The {Stanford} Encyclopedia of Philosophy},
	editor       =	{Edward N. Zalta},
	howpublished =	{\url{https://plato.stanford.edu/archives/win2016/entries/perception-contents/}},
	year         =	{2016},
	edition      =	{Winter 2016},
	publisher    =	{Metaphysics Research Lab, Stanford University}
}

@Book{Sider2010,
  Title                    = {Logic For Philosophy},
  Author                   = {Theodore Sider},
  Publisher                = {Oxford University Press},
  Year                     = {2010}
}

@book{Sider2001-SIDFD,
	year = {2001},
	title = {Four-Dimensionalism: An Ontology of Persistence and Time},
	publisher = {Oxford University Press UK},
	author = {Theodore Sider}
}

@incollection{Siegel2005-SIEWPA,
	year = {2005},
	editor = {Tamar S. Gendler and John Hawthorne},
	booktitle = {Perceptual Experience},
	publisher = {Oxford University Press},
	pages = {481--503},
	author = {Susanna Siegel},
	title = {Which Properties Are Represented in Perception}
}

@book{Siegel2010-SIETCO-7,
	publisher = {Oxford University Press USA},
	title = {The Contents of Visual Experience},
	year = {2010},
	author = {Susannah Siegel}
}

@article{Simchen2013-SIMTBF,
	title = {The Barcan Formula in Metaphysics},
	publisher = {Universidad Del Pa\'is Vasco},
	year = {2013},
	pages = {375--392},
	number = {3},
	author = {Ori Simchen},
	journal = {Theoria: Revista de Teor\'ia, Historia y Fundamentos de la Ciencia},
	volume = {28}
}

@incollection{SimchenIASPs,
	author = {Ori Simchen},
	title = {Instrumentalism about Structured Propositions},
	booktitle = {The Routledge Handbook of Propositions},
	publisher = {Routledge},
	year = {Forthcoming},
	editor = {Chris Tillman and Adam R.\ Murray}
}

@book{Simons1987-SIMPAS,
	publisher = {Oxford University Press},
	title = {Parts: A Study in Ontology},
	year = {1987},
	author = {Peter Simons}
}

@book{Schock1968-SCHLWE,
	author = {Rolf Schock},
	title = {Logics Without Existence Assumptions},
	publisher = {Stockholm, Sweden: Stockholm, Almqvist \& Wiksell},
	year = {1968}
}

@article{Smiley1959-SMIEAD,
	pages = {233--254},
	doi = {10.1093/aristotelian/59.1.233},
	author = {T. J. Smiley},
	journal = {Proceedings of the Aristotelian Society},
	year = {1959},
	title = {Entailment and Deducibility},
	publisher = {Wiley-Blackwell},
	volume = {59}
}

@article{Smiley1959-SMISWD,
	number = {6},
	title = {Sense Without Denotation},
	publisher = {Oxford University Press},
	volume = {20},
	year = {1959},
	journal = {Analysis},
	doi = {10.1093/analys/20.6.125},
	author = {Timothy Smiley},
	pages = {125--135}
}


@article{Soames1987-SOADRP,
	journal = {Philosophical Topics},
	author = {Scott Soames},
	volume = {15},
	title = {Direct Reference, Propositional Attitudes, and Semantic Content},
	number = {1},
	pages = {47--87},
	publisher = {University of Arkansas Press},
	year = {1987}
}

@book{Soames2003-SOAPAI,
	publisher = {Princeton University Press},
	year = {2003},
	author = {Scott Soames},
	title = {Philosophical Analysis in the Twentieth Century Vol. 2: The Age of Meaning}
}

@book{Soames2010-SOAWIM-2,
	author = {Scott Soames},
	year = {2010},
	title = {What is Meaning?},
	publisher = {Princeton University Press}
}

@book{Soames2015-SOARLM,
	author = {Scott Soames},
	title = {Rethinking Language, Mind, and Meaning},
	year = {2015},
	publisher = {Princeton University Press}
}

@article{Spencer2013-SPEUE,
	publisher = {Routledge},
	number = {5-6},
	pages = {766--775},
	year = {2013},
	author = {Joshua Spencer},
	doi = {10.1080/00455091.2013.870737},
	journal = {Canadian Journal of Philosophy},
	volume = {43},
	title = {Unnecessary Existents}
}

@article{Spencer2016-SPETPO-25,
	title = {The Problem of Empty Names and Russellian Plenitude},
	volume = {46},
	journal = {Canadian Journal of Philosophy},
	doi = {10.1080/00455091.2016.1184124},
	author = {Joshua Spencer},
	year = {2016},
	pages = {1--18},
	number = {3},
	publisher = {Routledge}
}

@book{deSpinoza1994-DESASR,
	author = {Benedictus de Spinoza and E. M. Curley},
	title = {A Spinoza Reader the Ethics and Other Works},
	year = {1994}
}

@article{Stalnaker1978-STAA-2,
	title = {Assertion},
	year = {1978},
	publisher = {New York: New York Academic Press},
	author = {Robert Stalnaker},
	journal = {Syntax and Semantics (New York Academic Press)},
	pages = {315--332},
	volume = {9}
}

@article{Stalnaker1981-STAIB,
	volume = {49},
	author = {Robert C. Stalnaker},
	number = {1},
	pages = {129--151},
	publisher = {Springer},
	year = {1981},
	title = {Indexical Belief},
	journal = {Synthese}
}

@article{Stalnaker1976-STAPW,
	author = {Robert Stalnaker},
	year = {1976},
	pages = {65--75},
	number = {1},
	publisher = {Wiley-Blackwell},
	title = {Possible Worlds},
	journal = {No\^us},
	volume = {10}
}

@book{Stalnaker1984-STAI,
	author = {Robert Stalnaker},
	title = {Inquiry},
	year = {1984},
	publisher = {Cambridge University Press}
}

@article{Stalnaker2001-STAOCA-5,
	pages = {141--156},
	author = {Robert Stalnaker},
	number = {1},
	journal = {Supplement to the Proceedings of the Aristotelian Society},
	publisher = {Wiley-Blackwell},
	volume = {75},
	title = {On Considering a Possible World as Actual: Robert Stalnaker},
	year = {2001}
}

@incollection{Stalnaker2010-STAMPP,
	booktitle = {Modality: Metaphysics, Logic, and Epistemology},
	title = {Merely Possible Propositions},
	pages = {21--32},
	publisher = {Oxford University Press},
	author = {Robert Stalnaker},
	editor = {Bob Hale and Aviv Hoffmann},
	year = {2010}
}

@book{Stalnaker2011-STAMPM-2,
	author = {Robert Stalnaker},
	title = {Mere Possibilities: Metaphysical Foundations of Modal Semantics},
	year = {2011},
	publisher = {Princeton University Press}
}

@book{Stalnaker2014-STAC-4,
	year = {2014},
	author = {Robert Stalnaker},
	title = {Context},
	publisher = {Oxford University Press}
}

@article{Stalnaker2016-STAMAR-5,
	number = {4-5},
	journal = {Canadian Journal of Philosophy},
	volume = {46},
	doi = {10.1080/00455091.2016.1156979},
	author = {Robert Stalnaker},
	publisher = {Routledge},
	pages = {709--726},
	year = {2016},
	title = {Models and Reality}
}

@article{Stenius1967-STEMAL,
	title = {Mood and Language-Game},
	number = {1},
	volume = {17},
	pages = {254--274},
	author = {Erik Stenius},
	doi = {10.1007/BF00485030},
	year = {1967},
	journal = {Synthese},
	publisher = {Association for Symbolic Logic}
}

@incollection{Stokhof1996-STOCAM-2,
	editor = {Shalom Lappin},
	year = {1996},
	publisher = {Blackwell},
	pages = {179--216},
	booktitle = {Handbook of Contemporary Semantic Theory},
	title = {Coreference and Modality},
	author = {Martin Stokhof and Jeroen Groenendijk and Frank Veltman}
}

@book{Strawson1959-STRI-18,
	author = {Peter Frederick Strawson},
	year = {1959},
	publisher = {London, England: Routledge},
	title = {Individuals: An Essay in Descriptive Metaphysics}
}

@incollection{Tarski1936-TARTCO,
	editor = {A. Tarski},
	pages = {152--278},
	title = {The Concept of Truth in Formalized Languages},
	author = {Alfred Tarski},
	year = {1936},
	booktitle = {Logic, Semantics, Metamathematics},
	publisher = {Oxford University Press}
}

@article{Taschek1992-TASFPS,
	publisher = {Oxford University Press},
	number = {404},
	pages = {767--791},
	author = {William W. Taschek},
	year = {1992},
	volume = {101},
	doi = {10.1093/mind/101.404.767},
	journal = {Mind},
	title = {Frege's Puzzle, Sense, and Information Content}
}

@article{Taschek1995-TASBSA,
	doi = {10.2307/2215727},
	journal = {No\^us},
	volume = {29},
	title = {Belief, Substitution, and Logical Structure},
	publisher = {Wiley-Blackwell},
	number = {1},
	pages = {71--95},
	year = {1995},
	author = {William W. Taschek}
}

@article{Taschek1995-WILOBC,
	title = {On Belief Content and That-Clauses},
	doi = {10.1111/j.1468-0017.1995.tb00014.x},
	journal = {Mind and Language},
	volume = {10},
	author = {William W. Taschek},
	year = {1995},
	pages = {274--298},
	number = {3}
}

@article{Taschek1998-TASOAB-2,
	author = {William W. Taschek},
	year = {1998},
	pages = {323--353},
	number = {7},
	publisher = {Journal of Philosophy Inc},
	title = {On Ascribing Beliefs},
	doi = {10.5840/jphil199895736},
	journal = {Journal of Philosophy},
	volume = {95}
}

@book{Thomasson1998-THOFAM-4,
	year = {1998},
	publisher = {Cambridge University Press},
	title = {Fiction and Metaphysics},
	author = {Amie L. Thomasson}
}

@article{Thomasson2003-THOSOF,
	author = {Amie L. Thomasson},
	title = {Speaking of Fictional Characters},
	publisher = {Wiley-Blackwell},
	number = {2},
	pages = {205--223},
	volume = {57},
	journal = {Dialectica},
	year = {2003},
	doi = {10.1111/j.1746-8361.2003.tb00266.x}
}

@article{Tillman2012-TILPAP-4,
	title = {Propositions and Parthood: The Universe and Anti-Symmetry},
	doi = {10.1080/00048402.2011.611812},
	journal = {Australasian Journal of Philosophy},
	volume = {90},
	pages = {525--539},
	year = {2012},	
	author = {Chris Tillman and Gregory Fowler},
	publisher = {Routledge},
	number = {3}
}

@book{TillMurr2022,
	title = {The Routledge Handbook of Propositions},
	editor = {Chris Tillman and Adam R. Murray},
	publisher = {Routledge},
	year = {2022}
}

@incollection{Twardowski1911,
	title = {Actions and Product: Remarks on the Borderline of Psychology,
	Grammar, and Logic}, 
	year = {1911/1999},
	author = {Kazimierz Twardowski},
	editor = {Johannes Brandl, Jan Wolenski, and Arthur Szylewicz},
	booktitle = {Kazimierz Twardowski: On Actions, Products, and Other
	Topics in Philosophy},
	publisher = {Rodopi: Amsterdam and Atlanta},
	pages = {103--132}
}

@article{Uzquiano2015-UZQANR,
	number = {2},
	year = {2015},
	author = {Gabriel Uzquiano},
	pages = {328--344},
	doi = {10.1017/s1755020315000106},
	journal = {Review of Symbolic Logic},
	volume = {8},
	title = {A Neglected Resolution of Russell\textquoteright{}s Paradox of Propositions}
}

@incollection{vanElswykForthcoming-VANTLB-3,
	year = {forthcoming},
	editor = {Chris Tillman},
	title = {The Linguistic Basis for Propositions},
	author = {Peter van Elswyk},
	booktitle = {The Routledge Handbook of Propositions}
}

@incollection{vanElswyk_this_vol,
	year = {forthcoming},
	editor = {Chris Tillman},
	title = {The Linguistic Basis for Propositions},
	author = {Peter van Elswyk},
	booktitle = {The Routledge Handbook of Propositions}
}

@article{vanInwagen1977-INWCOF-2,
	pages = {299--308},
	publisher = {University of Illinois Press},
	number = {4},
	journal = {American Philosophical Quarterly},
	author = {Peter van Inwagen},
	volume = {14},
	title = {Creatures of Fiction},
	year = {1977}
}

@article{vanInwagen1986-PETTCO-10,
	pages = {185--213},
	year = {1986},
	journal = {Midwest Studies in Philosophy},
	author = {Peter van Inwagen},
	number = {1},
	volume = {11},
	title = {Two Concepts of Possible Worlds},
	publisher = {Wiley-Blackwell}
}

@incollection{vanInwagen2004-VANATO-2,
	author = {Peter van Inwagen},
	year = {2004},
	editor = {Dean Zimmerman},
	title = {A Theory of Properties},
	pages = {107--138},
	publisher = {Clarendon Press},
	booktitle = {Oxford Studies in Metaphysics, Volume 1}
}

@article{vanInwagen2006-VANNFR,
	number = {1},
	volume = {20},
	pages = {453--477},
	author = {Peter van Inwagen},
	title = {Names for Relations},
	year = {2006},
	journal = {Philosophical Perspectives}
}

@article{vanInwagen1986-PETTCO-10,
	volume = {11},
	title = {Two Concepts of Possible Worlds},
	number = {1},
	pages = {185--213},
	author = {Peter van Inwagen},
	year = {1986},
	publisher = {Wiley-Blackwell},
	journal = {Midwest Studies in Philosophy}
}

@article{Whittle2017-WHIHP-3,
	publisher = {Springer Verlag},
	number = {2},
	pages = {215--231},
	year = {2017},
	author = {Bruno Whittle},
	journal = {Journal of Philosophical Logic},
	doi = {10.1007/s10992-016-9399-5},
	volume = {46},
	title = {Hierarchical Propositions}
}

@book{Wiggins1980-WIGSAS-2,
	publisher = {Harvard University Press},
	year = {1980},
	title = {Sameness and Substance},
	author = {David Wiggins}
}

@book{Wiggins2001-WIGSAS-4,
	year = {2001},
	author = {David Wiggins},
	title = {Sameness and Substance Renewed},
	publisher = {Cambridge University Press}
}

@incollection{Williams2012-WILROR-5,
	title = {Requirements on Reality},
	author = {J. Robert G. Williams},
	publisher = {Cambridge University Press},
	booktitle = {Metaphysical Grounding: Understanding the Structure of Reality},
	pages = {165--185},
	year = {2012},
	editor = {Fabrice Correia Benjamin Schnieder}
}

@book{Williamson2000-WILKAI,
	author = {Timothy Williamson},
	publisher = {Oxford University Press},
	title = {Knowledge and its Limits},
	year = {2000}
}

@article{Williamson1998-WILBP,
	author = {Timothy Williamson},
	number = {2-3},
	year = {1998},
	volume = {48},
	title = {Bare Possibilia},
	journal = {Erkenntnis},
	pages = {257--73},
	publisher = {Springer Netherlands}
}

@article{Williamson2000-WILTNF,
	pages = {201--208},
	journal = {Topoi},
	title = {The Necessary Framework of Objects},
	publisher = {Springer},
	author = {Timothy Williamson},
	number = {2},
	year = {2000},
	volume = {19}
}

@incollection{Williamson2002-WILNE,
	publisher = {Cambridge University Press},
	author = {Timothy Williamson},
	pages = {233--251},
	title = {Necessary Existents},
	year = {2002},
	editor = {A. O'Hear},
	booktitle = {Logic, thought, and language}
}

@article{Williamson2003-WILE,
	journal = {Philosophical Perspectives},
	volume = {17},
	year = {2003},
	author = {Timothy Williamson},
	title = {Everything},
	number = {1},
	pages = {415--465},
	doi = {10.1111/j.1520-8583.2003.00017.x},
	publisher = {Blackwell}
}

@book{Williamson2013-WILMLA-2,
	year = {2013},
	publisher = {Oxford University Press},
	author = {Timothy Williamson},
	title = {Modal Logic as Metaphysics}
}

@incollection{Williamson2015-WILBFI,
	title = {Barcan Formulas in Second-Order Modal Logic},
	editor = {Michael Frauchiger},
	publisher = {Ontos Verlag},
	pages = {51--74},
	booktitle = {Themes From Barcan Marcus},
	author = {Timothy Williamson},
	year = {2015}
}

@book{WILLIAMSON1990-WILIAD-9,
	publisher = {Wiley-Blackwell},
	year = {1990},
	author = {Timothy Williamson},
	title = {Identity and Discrimination}
}

@book{Williamson2007-WILTPO-115,
	author = {Timothy Williamson},
	year = {2007},
	publisher = {Wiley-Blackwell},
	title = {The Philosophy of Philosophy}
}

@article{Williamson2016-WILMS-3,
	year = {2016},
	volume = {46},
	title = {Modal Science},
	pages = {453--492},
	author = {Timothy Williamson},
	number = {4-5},
	publisher = {Routledge},
	journal = {Canadian Journal of Philosophy}
}

@book{Wittgenstein1961-WITTLE,
	year = {1921/1961},
	title = {Tractatus Logico-Philosophicus (Trans. Pears and McGuinness)},
	publisher = {Routledge},
	author = {Ludwig Wittgenstein}
}

@book{Wittgenstein1953-WITPI-4,
	title = {Philosophical Investigations},
	publisher = {Wiley-Blackwell},
	year = {1953},
	author = {Ludwig Wittgenstein}
}

@book{Wright1983-WRIFCO,
	year = {1983},
	title = {Frege's Conception of Numbers as Objects},
	publisher = {Aberdeen University Press},
	author = {Crispin Wright}
}

@book{Wright2001-HALTRP,
	author = {Bob Hale and Crispin Wright},
	publisher = {Oxford: Clarendon Press},
	year = {2001},
	title = {The Reason's Proper Study: Essays Towards a Neo-Fregean Philosophy of Mathematics}
}

@article{Yalcin2007-YALEM,
	author = {Seth Yalcin},
	pages = {983--1026},
	number = {464},
	year = {2007},
	journal = {Mind},
	publisher = {Oxford University Press},
	volume = {116},
	title = {Epistemic Modals}
}

@incollection{Yalcin2011-YALNAE,
	booktitle = {Epistemic Modality},
	author = {Seth Yalcin},
	year = {2011},
	editor = {Andy Egan and B. Weatherson},
	publisher = {Oxford University Press},
	title = {Nonfactualism About Epistemic Modality}
}

@article{Yalcin2015-YALAA-10,
	volume = {75},
	number = {2},
	year = {2015},
	title = {Actually, Actually},
	author = {Seth Yalcin},
	journal = {Analysis},
	pages = {185--191}
}




