
@article{Adams2004-ADAWIA-3,
	number = {2},
	title = {What's in a (N Empty) Name?},
	pages = {125--148},
	volume = {85},
	journal = {Pacific Philosophical Quarterly},
	year = {2004},
	doi = {10.1111/j.0279-0750.2004.00191.x},
	publisher = {Wiley-Blackwell},
	author = {Fred Adams and Laura A. Dietrich}
}

@article{Adams1997-ADATSO-3,
	author = {Fred Adams and Gary Fuller and Robert Stecker},
	publisher = {Wiley-Blackwell},
	doi = {10.1111/1468-0114.00032},
	year = {1997},
	volume = {78},
	journal = {Pacific Philosophical Quarterly},
	pages = {128--148},
	title = {The Semantics of Fictional Names},
	number = {2}
}

@article{Adams1994-FREVST,
	author = {Fred Adams and Robert Stecker},
	year = {1994},
	doi = {10.1111/j.1468-0017.1994.tb00314.x},
	title = {Vacuous Singular Terms},
	pages = {387--401},
	journal = {Mind and Language},
	volume = {9},
	number = {4}
}

@article{Adams2007-ADAENA,
	doi = {10.1353/cjp.2007.0024},
	volume = {37},
	pages = {449--461},
	year = {2007},
	author = {Fred Adams and Gary Fuller},
	title = {Empty Names and Pragmatic Implicatures},
	publisher = {University of Calgary Press},
	journal = {Canadian Journal of Philosophy},
	number = {3}
}

@article{Almog1991-ALMTSC-2,
	year = {1991},
	doi = {10.2307/2215634},
	publisher = {Wiley-Blackwell},
	author = {Joseph Almog},
	number = {5},
	title = {The Subject-Predicate Class I},
	pages = {591--619},
	volume = {25},
	journal = {No\^us}
}

@article{AngelPinillos2011-PINCAM-2,
	title = {Coreference and Meaning},
	volume = {154},
	journal = {Philosophical Studies},
	doi = {10.1007/s11098-010-9543-y},
	year = {2011},
	author = {N. \'Angel Pinillos},
	pages = {301--324},
	number = {2},
	publisher = {Springer Verlag}
}

@book{Anscombe1957-ANSI-2,
	year = {1957},
	title = {Intention},
	publisher = {Harvard University Press},
	author = {G. Anscombe}
}

@article{Armour-Garb2012-ARMTSA-2,
	volume = {46},
	year = {2012},
	title = {The Story About Propositions},
	number = {4},
	pages = {635--674},
	author = {Bradley Armour{-}Garb and James A. Woodbridge},
	journal = {No\^us}
}

@article{Armstrong1993-ARMAWO,
	volume = {7},
	journal = {Philosophical Perspectives},
	doi = {10.2307/2214133},
	title = {A World of States of Affairs},
	publisher = {Cambridge University Press},
	pages = {429--440},
	year = {1993},
	author = {D. Armstrong}
}

@book{Aqvist1975-QVIANA,
	publisher = {Tbl Verlag G. Narr},
	author = {Lennart \AA{}qvist},
	title = {A New Approach to the Logical Theory of Interrogatives: Analysis and Formalization},
	year = {1975}
}

@article{Bacon2019-BACSS,
	doi = {10.1007/s10992-019-09505-z},
	journal = {Journal of Philosophical Logic},
	volume = {48},
	title = {Substitution Structures},
	publisher = {Springer Verlag},
	number = {6},
	pages = {1017--1075},
	author = {Andrew Bacon},
	year = {2019}
}

@article{Balaguer1998-BALAWP-2,
	pages = {805--826},
	volume = {58},
	number = {4},
	journal = {Philosophy and Phenomenological Research},
	title = {Attitudes Without Propositions},
	publisher = {Wiley-Blackwell},
	year = {1998},
	author = {Mark Balaguer},
	doi = {ppr199858467}
}

@article{Bar-Hillel1951-CHUTNF-3,
	publisher = {Association for Symbolic Logic},
	number = {1},
	pages = {100--112},
	author = {Yehoshua Bar{-}Hillel},
	year = {1951},
	doi = {10.2307/2266258},
	journal = {Proceedings of the American Academy of Arts and Sciences},
	volume = {80},
	title = {The Need for Abstract Entities in Semantic Analysis}
}

@article{Barcan1946-BARAFC,
	pages = {1--16},
	year = {1946},
	author = {Ruth C. Barcan},
	publisher = {Association for Symbolic Logic},
	number = {1},
	title = {A Functional Calculus of First Order Based on Strict Implication},
	doi = {10.2307/2269159},
	journal = {Journal of Symbolic Logic},
	volume = {11}
}

@article{Barcan1946-BARTDT,
	doi = {10.2307/2268309},
	journal = {Journal of Symbolic Logic},
	volume = {11},
	title = {The Deduction Theorem in a Functional Calculus of First Order Based on Strict Implication},
	publisher = {Association for Symbolic Logic},
	number = {4},
	pages = {115--118},
	author = {Ruth C. Barcan},
	year = {1946}
}

@article{Barcan1947-BARTIO-2,
	author = {Ruth C. Barcan},
	year = {1947},
	pages = {12--15},
	number = {1},
	publisher = {Association for Symbolic Logic},
	title = {The Identity of Individuals in a Strict Functional Calculus of Second Order},
	doi = {10.2307/2267171},
	journal = {Journal of Symbolic Logic},
	volume = {12}
}

@article{Bealer1998-BEAP,
	number = {425},
	author = {George Bealer},
	journal = {Mind},
	volume = {107},
	title = {Propositions},
	year = {1998},
	pages = {1--32},
	doi = {10.1093/mind/107.425.1},
	publisher = {Oxford University Press}
}

@incollection{Beaney1997-FRETFR,
	editor  = {Michael Beaney},
	publisher = {Blackwell},
	title = {The Frege Reader},
	year = {1997}
}

@article{Benacerraf1965-BENWNC,
	number = {1},
	year = {1965},
	publisher = {Duke University Press},
	author = {Paul Benacerraf},
	title = {What Numbers Could Not Be},
	journal = {Philosophical Review},
	pages = {47--73},
	volume = {74}
}

@incollection{Boghossian1997-BOGA-2,
	author = {P. A. Boghossian},
	editor = {B. Hale and C. Wright},
	year = {1997},
	booktitle = {A Companion to the Philosophy of Language},
	pages = {331--368},
	title = {Analyticity},
	publisher = {Blackwell}
}

@book{Rusnock2014-RUSBBT,
	editor  = {Paul Rusnock and Rolf George},
	author  = {Bernard Bolzano},
	publisher = {Oxford University Press},
	title = {Theory of Science},
	year = {1837/2014}
}

@article{Braun1995-BRAWIC,
	pages = {241--273},
	number = {3},
	publisher = {Springer},
	volume = {24},
	year = {1995},
	author = {David Braun},
	journal = {Journal of Philosophical Logic},
	title = {What is Character?}
}

@article{Braun2002-BRACSA,
	doi = {10.1023/A:1015760114297},
	publisher = {Springer},
	number = {1-2},
	title = {Cognitive Significance, Attitude Ascriptions, and Ways of Believing Propositions},
	author = {David Braun},
	journal = {Philosophical Studies},
	pages = {65--81},
	volume = {108},
	year = {2002}
}


@article{Braun1993-BRAEN,
	publisher = {Wiley-Blackwell},
	number = {4},
	pages = {449--469},
	year = {1993},
	author = {David Braun},
	doi = {10.2307/2215787},
	journal = {No\^us},
	volume = {27},
	title = {Empty Names}
}

@article{Braun2005-BRAENF,
	title = {Empty Names, Fictional Names, Mythical Names},
	volume = {39},
	journal = {No\^us},
	doi = {10.1111/j.0029-4624.2005.00541.x},
	pages = {596--631},
	year = {2005},
	author = {David Braun},
	number = {4}
}

@book{Brogaard2012-BROTTA-2,
	author = {Berit Brogaard},
	publisher = {Oxford University Press},
	title = {Transient Truths: An Essay in the Metaphysics of Propositions},
	year = {2012}
}

@article{Bueno2014-BUEARP,
	doi = {10.1007/s10670-013-9565-x},
	journal = {Erkenntnis},
	volume = {79},
	title = {Worlds and Propositions Set Free},
	number = {4},
	pages = {797--820},
	author = {Ot\'avio Bueno and Christopher Menzel and Edward N. Zalta},
	year = {2014}
}

@book{Cappelen2013-CAPTII,
	year = {2013},
	author = {Herman Cappelen and Josh Dever},
	publisher = {Oxford University Press},
	title = {The Inessential Indexical: On the Philosophical Insignificance of Perspective and the First Person}
}

@article{Caplan2004-CAPCOF,
	author = {Ben Caplan},
	publisher = {University of Illinois Press},
	journal = {American Philosophical Quarterly},
	pages = {331--337},
	year = {2004},
	title = {Creatures of Fiction, Myth, and Imagination},
	number = {4},
	volume = {41}
}

@article{Caplan2013-CAPNTO,
	doi = {10.1080/00455091.2013.870731},
	publisher = {Routledge},
	number = {5},
	volume = {43},
	journal = {Canadian Journal of Philosophy},
	title = {Not the Optimistic Type},
	pages = {575--589},
	year = {2013},
	author = {Ben Caplan and Chris Tillman and Brian McLean and Adam Murray}
}

@article{Caplan2013-CAPBR-4,
	year = {2013},
	title = {Benacerraf\textquoteright{}s Revenge},
	volume = {166},
	journal = {Philosophical Studies},
	author = {Ben Caplan and Chris Tillman},
	number = {S1},
	doi = {10.1007/s11098-012-0064-8},
	publisher = {Springer Verlag},
	pages = {111--129}
}

@book{Carnap1947-CARMAN,
	title = {Meaning and Necessity},
	author = {Rudolf Carnap},
	year = {1947},
	publisher = {University of Chicago Press}
}

@article{Castanedaquot1968-CASOTL-3,
	volume = {65},
	year = {1968},
	doi = {10.2307/2024296},
	author = {{H\'{e}ctor-Neri Casta\~{n}eda}},
	number = {15},
	title = {``On the Logic of Attributions of Self-Knowledge to Others\&Quot},
	journal = {Journal of Philosophy},
	publisher = {Journal of Philosophy Inc},
	pages = {439--459}
}

@article{Chalmers2002-CHAOSA,
	volume = {16},
	doi = {10.1111/1468-0068.36.s16.6},
	journal = {Philosophical Perspectives},
	title = {On Sense and Intension},
	publisher = {Blackwell},
	author = {David J. Chalmers},
	year = {2002},
	pages = {135--82}
}

@article{Chalmers2003-CHATNO,
	volume = {13},
	doi = {10.1111/1533-6077.00004},
	journal = {Philosophical Issues},
	title = {The Nature of Narrow Content},
	number = {1},
	pages = {46--66},
	year = {2003},
	author = {David J. Chalmers}
}


@article{Chisholm1970-CHIEAP,
	doi = {10.2307/2214288},
	journal = {No\^us},
	volume = {4},
	title = {Events and Propositions},
	publisher = {Wiley-Blackwell},
	number = {1},
	pages = {15--24},
	author = {Roderick Chisholm},
	year = {1970}
}

@article{Chisholm1971-CHISOA,
	title = {States of Affairs Again},
	doi = {10.2307/2214730},
	journal = {No\^us},
	volume = {5},
	year = {1971},
	author = {Roderick M. Chisholm},
	pages = {179--189},
	number = {2},
	publisher = {Wiley-Blackwell}
}

@book{Chisholm1960-CHIRAT,
	publisher = {Glencoe, Ill., Free Press},
	title = {Realism and the Background of Phenomenology},
	year = {1960},
	author = {Roderick M. Chisholm}
}

@book{Chisholm1981-CHITFP-3,
	author = {Roderick M. Chisholm},
	publisher = {University of Minnesota Press},
	title = {The First Person: An Essay on Reference and Intentionality},
	year = {1981}
}

@article{Chomsky1995-CHOLAN,
	number = {413},
	title = {Language and Nature},
	volume = {104},
	author = {Noam Chomsky},
	pages = {1--61},
	journal = {Mind},
	publisher = {Oxford University Press},
	year = {1995}
}

@article{Deutsch2014-DEUROS,
	year = {2014},
	volume = {74},
	number = {1},
	journal = {Analysis},
	doi = {10.1093/analys/ant089},
	author = {Harry Deutsch},
	title = {Resolution of Some Paradoxes of Propositions},
	pages = {26--34}
}

@article{Davidson1967-DAVTAM-3,
	year = {1967},
	author = {Donald Davidson},
	publisher = {Springer},
	journal = {Synthese},
	volume = {17},
	number = {1},
	title = {Truth and Meaning},
	pages = {304--323}
}

@book{Davidson1984-DAVIIT,
	year = {1984},
	publisher = {Oxford University Press},
	title = {Inquiries Into Truth And Interpretation},
	author = {Donald Davidson}
}

@article{Davies1980-DAVTNO-3,
	number = {1},
	year = {1980},
	pages = {1--31},
	volume = {38},
	publisher = {Springer},
	doi = {10.1007/bf00354523},
	author = {Martin Davies and Lloyd Humberstone},
	title = {Two Notions of Necessity},
	journal = {Philosophical Studies}
}

@article{Deutsch2014-DEUROS,
	year = {2014},
	volume = {74},
	number = {1},
	journal = {Analysis},
	doi = {10.1093/analys/ant089},
	author = {Harry Deutsch},
	title = {Resolution of Some Paradoxes of Propositions},
	pages = {26--34}
}

@article{Deutsch2014-DEUROS,
	author = {Harry Deutsch},
	journal = {Analysis},
	number = {1},
	volume = {74},
	doi = {10.1093/analys/ant089},
	year = {2014},
	title = {Resolution of Some Paradoxes of Propositions},
	pages = {26--34}
}

@article{Donnellan1974-DONSON,
	author = {Keith S. Donnellan},
	title = {Speaking of Nothing},
	publisher = {Duke University Press},
	doi = {10.2307/2183871},
	journal = {Philosophical Review},
	pages = {3--31},
	volume = {83},
	number = {1},
	year = {1974}
}

@incollection{Dorr2008-DORTAN,
	author = {Cian Dorr},
	publisher = {Blackwell},
	title = {There Are No Abstract Objects},
	editor = {Theodore Sider and John Hawthorne and Dean W. Zimmerman},
	booktitle = {Contemporary Debates in Metaphysics},
	year = {2008}
}

@article{Dorr2016-DORTBF-2,
	journal = {Philosophical Perspectives},
	number = {1},
	volume = {30},
	pages = {39--134},
	title = {To Be F Is To Be G},
	author = {Cian Dorr},
	doi = {10.1111/phpe.12079},
	year = {2016}
}

@book{Dummett1973-DUMFPO-2,
	year = {1973},
	author = {Michael Dummett},
	title = {Frege: Philosophy of Language},
	publisher = {London: Duckworth}
}

@Article{EinheuserIrisIOT,
  Title                    = {{Inner and Outer Truth}},
  Author                   = {Iris Einheuser},
  Journal                  = {Philosopher's Imprint},
  Year                     = {2012},
  Pages                    = {1-22},
  Volume                   = {12 (10)},

  Owner                    = {User},
  Timestamp                = {2013.12.05}
}

@incollection{Evans1981-EVAUD,
	booktitle = {Meaning and Understanding},
	pages = {280--304},
	title = {Understanding Demonstratives},
	publisher = {Clarendon Press},
	year = {1981},
	author = {Gareth Evans},
	editor = {Herman Parret}
}
@article{Everett2003-EVEENA,
	volume = {116},
	author = {Anthony Everett},
	title = {Empty Names and `Gappy' Propositions},
	publisher = {Springer},
	pages = {1--36},
	number = {1},
	year = {2003},
	journal = {Philosophical Studies},
	doi = {10.1023/B:PHIL.0000005533.25543.36}
}

@article{Feit2010-FEISDA,
	pages = {489--503},
	year = {2010},
	publisher = {Taylor \& Francis},
	title = {Selfless Desires and the Property Theory of Content},
	number = {3},
	volume = {88},
	journal = {Australasian Journal of Philosophy},
	doi = {10.1080/00048400903193361},
	author = {Neil Feit}
}

@incollection{Feit2012-FEISAS-2,
	title = {Self-Ascription and Self-Awareness},
	editor = {Miguens and Preyer},
	pages = {47--213},
	publisher = {Ontos Verlag},
	booktitle = {Consciousness and Subjectivity},
	author = {Neil Feit},
	year = {2012}
}

@incollection{Fine2003-FINTPO-4,
	year = {2003},
	pages = {161--179},
	booktitle = {The Oxford Handbook of Metaphysics},
	author = {Kit Fine},
	title = {The Problem of Possibilia},
	editor = {Michael J. Loux and Dean W. Zimmerman},
	publisher = {Oxford University Press}
}

@book{Fine2007-FINSR,
	publisher = {Blackwell},
	year = {2007},
	author = {Kit Fine},
	title = {Semantic Relationism}
}

@article{Fine2010-FINRTL,
	doi = {10.1111/j.1933-1592.2010.00407.x},
	journal = {Philosophy and Phenomenological Research},
	volume = {81},
	title = {Reply to Lawlor\textquoteright{}s \textquotedblleft{}Varieties of Coreference\textquotedblright},
	number = {2},
	publisher = {Wiley-Blackwell},
	author = {Kit Fine},
	year = {2010},
	pages = {496--501}
}

@article{Fine2010-FINCOS-4,
	doi = {ppr201081268},
	journal = {Philosophy and Phenomenological Research},
	volume = {81},
	title = {Comments on Scott Soames' 'Coordination Problems'},
	publisher = {Wiley-Blackwell},
	number = {2},
	pages = {475--484},
	year = {2010},
	author = {Kit Fine}
}

@article{Fine2010-FINTAT-7,
	title = {Towards a Theory of Part},
	volume = {107},
	doi = {10.5840/jphil20101071139},
	journal = {Journal of Philosophy},
	pages = {559--589},
	year = {2010},
	author = {Kit Fine},
	publisher = {Journal of Philosophy Inc},
	number = {11}
}

@incollection{Fine2005-FINTAR-2,
	editor = {Kit Fine},
	pages = {261--320},
	year = {2005},
	author = {Kit Fine},
	publisher = {Oxford University Press},
	title = {Tense and Reality},
	booktitle = {Modality and Tense}
}


@InCollection{Fine1985,
  Title                    = {{Plantinga on the Reduction of Possibilist Discourse}},
  Author                   = {Kit Fine},
  Booktitle                = {Alvin Plantinga},
  Publisher                = {Dordrecht: Reidel},
  Year                     = {1985},
  Editor                   = {J. E. Tomberlin and P. van Inwagen},
  Pages                    = {145-186},

}

@article{Fritz2016-FRIHCP,
	journal = {Journal of Philosophical Logic},
	author = {Peter Fritz and Jeremy Goodman},
	pages = {645--695},
	doi = {10.1007/s10992-015-9388-0},
	number = {6},
	volume = {45},
	title = {Higher-Order Contingentism, Part 1: Closure and Generation},
	year = {2016},
	publisher = {Springer Verlag}
}

@article{Deutsch2014-DEUROS,
	year = {2014},
	volume = {74},
	number = {1},
	journal = {Analysis},
	doi = {10.1093/analys/ant089},
	author = {Harry Deutsch},
	title = {Resolution of Some Paradoxes of Propositions},
	pages = {26--34}
}

@incollection{Frege1967-FREB-9,
	author = {Gottlob Frege},
	title = {Begriffsschrift},
	pages = {1--83},
	booktitle = {From Frege to G\"odel},
	year = {1879/1967},
	publisher = {Cambridge: Harvard University Press},
	editor = {Jean Van Heijenoort}
}

@article{Frege1956-FRETTA,
	publisher = {Oxford University Press},
	author = {Gottlob Frege},
	journal = {Mind},
	title = {The Thought: A Logical Inquiry},
	volume = {65},
	number = {259},
	pages = {289--311},
	year = {1918/1956}
}

@incollection{Frege1960-FREOSA-3,
	year = {1892/1960},
	publisher = {Routledge},
	editor = {Darragh Byrne and Max K\"olbel},
	title = {On Sense and Reference},
	booktitle = {Arguing About Language},
	author = {Gottlob Frege},
	pages = {36--56}
}

@book{Frege1950-FRETFO,
	publisher = {Northwestern University Press},
	author = {Gottlob Frege},
	year = {1884/1950},
	title = {The Foundations of Arithmetic: A Logico-Mathematical Enquiry Into the Concept of Number}
}

@incollection{Frege1988-FRESFT-3,
	author = {Gottlob Frege},
	pages = {56--57},
	publisher = {Oxford University Press},
	booktitle = {Propositions and Attitudes},
	year = {1904/1988},
	title = {Selection From the Frege-Russell Correspondence},
	editor = {Nathan U. Salmon and Scott Soames}
}

@article{Frege1892-FREOCA,
	journal = {Mind},
	volume = {60},
	author = {Gottlob Frege},
	year = {1892},
	number = {238},
	pages = {168--180},
	publisher = {Oxford University Press},
	title = {On Concept and Object}
}

@incollection{Frege1997-FRELTR,
	booktitle = {The Frege Reader},
	title = {Letter to Russell, 22.6. 1902},
	publisher = {Blackwell},
	editor = {Michael Beaney},
	year = {1997},
	author = {Gottlob Frege}
}

@book{Frege1979-FREPW-2,
	title = {Posthumous Writings},
	year = {1979},
	author = {Gottlob Frege},
	publisher = {Blackwell}
}

@incollection{Fregelj,
	booktitle = {The Frege Reader},
	title = {(Undated) Letter to Jourdain},
	publisher = {Blackwell},
	editor = {Michael Beaney},
	year = {1997},
	author = {Gottlob Frege}
}


@incollection{Frege1919--nld,
	title = {Aufzeichnungen fur Ludwig Darmsteadtter},
	booktitle = {Nachgelassene Schriften},
	year = {1919},
	pages = {272--77},
	author = {Gottlob Frege}
}

@incollection{Frege19i19-FREPW-2,
	publisher = {Blackwell},
	title = {Notes for Ludwig Darmstaedter},
	booktitle = {Posthumous Writings},
	year = {1919/1979},
	pages = {253--58},
	author = {Gottlob Frege}
}

@article{Gaskin1997-GASFSA,
	journal = {Philosophical Studies},
	number = {2},
	title = {Fregean Sense and Russellian Propositions},
	publisher = {Springer Netherlands},
	volume = {86},
	pages = {131--154},
	author = {Richard Gaskin},
	doi = {10.1023/A:1017929320501},
	year = {1997}
}

@book{Gaskin2008-GASTUO-5,
	author = {Richard Gaskin},
	title = {The Unity of the Proposition},
	year = {2008},
	publisher = {Oxford University Press}
}

@article{Gaskin2019-GASFTU,
	publisher = {Springer Verlag},
	year = {2019},
	pages = {1325--1342},
	author = {Richard Gaskin},
	doi = {10.1007/s11229-016-1081-5},
	journal = {Synthese},
	title = {From the Unity of the Proposition to Linguistic Idealism},
	number = {4},
	volume = {196}
}

@article{Deutsch2014-DEUROS,
	year = {2014},
	volume = {74},
	number = {1},
	journal = {Analysis},
	doi = {10.1093/analys/ant089},
	author = {Harry Deutsch},
	title = {Resolution of Some Paradoxes of Propositions},
	pages = {26--34}
}

@article{Ginzburg1995-GINRQI,
	title = {Resolving Questions, I},
	number = {5},
	pages = {459--527},
	volume = {18},
	author = {Jonathan Ginzburg},
	doi = {10.1007/BF00985365},
	year = {1995},
	journal = {Linguistics and Philosophy},
	publisher = {Springer}
}

@article{Glanzberg2011-GLAMOO-2,
	title = {More on Operators and Tense},
	pages = {112--123},
	year = {2011},
	doi = {10.1093/analys/anq086},
	journal = {Analysis},
	publisher = {Oxford University Press},
	number = {1},
	volume = {71},
	author = {M. Glanzberg}
}

@article{Graff2003-FARDSA,
	year = {2003},
	volume = {17},
	doi = {10.1111/j.1520-8583.2003.00006.x},
	journal = {Philosophical Perspectives},
	pages = {141--163},
	title = {Desires, Scope, and Tense},
	author = {Fara Delia Graff},
	number = {1}
}

@article{Groenendijk1982-GROSAO,
	doi = {10.1007/bf00351052},
	title = {Semantic Analysis of Wh-Complements},
	author = {Joroen Groenendijk and Martin Stokhof},
	year = {1982},
	publisher = {Springer},
	number = {2},
	volume = {5},
	pages = {175--233},
	journal = {Linguistics and Philosophy}
}

@book{HALE1988-HALAO,
	publisher = {Blackwell},
	author = {Bob Hale},
	title = {Abstract Objects},
	year = {1988}
}

@article{Hale2010-HALTBL-4,
	volume = {20},
	author = {Bob Hale},
	pages = {399--422},
	publisher = {Springer},
	number = {4},
	journal = {Axiomathes},
	title = {The Bearable Lightness of Being},
	year = {2010}
}

@article{Hamblin1958-HAMQ,
	doi = {10.1080/00048405885200211},
	title = {Questions},
	author = {C. L. Hamblin},
	year = {1958},
	publisher = {Taylor \& Francis},
	number = {3},
	volume = {36},
	journal = {Australasian Journal of Philosophy},
	pages = {159--168}
}

@article{Hanks2007-HANTCD-3,
	publisher = {Springer},
	number = {2},
	year = {2007},
	title = {The Content--Force Distinction},
	pages = {141--164},
	volume = {134},
	journal = {Philosophical Studies},
	author = {Peter W. Hanks}
}

@article{Hanks2011-HANSPA-6,
	number = {477},
	year = {2011},
	doi = {10.1093/mind/fzr011},
	journal = {Mind},
	title = {Structured Propositions as Types},
	author = {Peter W. Hanks},
	volume = {120},
	pages = {11--52}
}

@book{Hanks2015-HANPC-2,
	author = {Peter Hanks},
	publisher = {Oxford University Press},
	year = {2015},
	title = {Propositional Content}
}

@incollection{HellieForthcoming-HELRMM,
	author = {Benj Hellie and Adam Russell Murray and Jessica Wilson},
	year = {2021},
	title = {Relativized Metaphysical Modality: Index and Context},
	editor = {Ot\'avio Bueno and Scott Shalkowski},
	booktitle = {The Routledge Handbook of Modality},
	publisher = {New York: Routledge}
}

@article{Hintikka1976,
	number = {28},
	year = {1976},
	title = {The Semantics of Questions and the Questions of Semantics},
	volume = {4},
	journal = {Acta Philosophica Fennica},
	author = {Jaako Hintikka}
}

@article{Jubien2001-JUBPAT,
	publisher = {Springer},
	journal = {Philosophical Studies},
	volume = {104},
	pages = {47--62},
	number = {1},
	author = {Michael Jubien},
	year = {2001},
	title = {Propositions and the Objects of Thought}
}

@article{Kaplan1979-KAPOTL,
	journal = {Journal of Philosophical Logic},
	title = {On the Logic of Demonstratives},
	author = {David Kaplan},
	doi = {10.1007/BF00258420},
	publisher = {Springer},
	volume = {8},
	pages = {81--98},
	year = {1979},
	number = {1}
}

@incollection{Kaplan1989-KAPD,
	pages = {481--563},
	editor = {Joseph Almog and John Perry and Howard Wettstein},
	publisher = {Oxford University Press},
	booktitle = {Themes From Kaplan},
	year = {1989},
	title = {Demonstratives: An Essay on the Semantics, Logic, Metaphysics and Epistemology of Demonstratives and Other Indexicals},
	author = {David Kaplan}
}


@incollection{Kaplan1989-KAPA,
	booktitle = {Themes From Kaplan},
	publisher = {Oxford University Press},
	title = {Afterthoughts},
	editor = {J. Almog and J. Perry and H. Wettstein},
	pages = {565--614},
	author = {David Kaplan},
	year = {1989}
}

@incollection{Kaplan1989-KAPA,
	pages = {565--614},
	title = {Afterthoughts},
	author = {David Kaplan},
	publisher = {Oxford University Press},
	booktitle = {Themes From Kaplan},
	year = {1989},
	editor = {J. Almog and J. Perry and H. Wettstein}
}

@incollection{Kaplan1995-KAPAPI,
	author = {David Kaplan},
	editor = {Walter Sinnott{-}Armstrong and Diana Raffman and Nicholas Asher},
	title = {A Problem in Possible Worlds Semantics},
	booktitle = {Modality, Morality and Belief: Essays in Honor of Ruth Barcan Marcus},
	pages = {41--52},
	publisher = {Cambridge University Press},
	year = {1995}
}

@article{Karttunen1977-KARSAS,
	year = {1977},
	author = {Lauri Karttunen},
	journal = {Linguistics and Philosophy},
	volume = {1},
	title = {Syntax and Semantics of Questions},
	number = {1},
	publisher = {Springer},
	pages = {3--44},
	doi = {10.1007/BF00351935}
}

@article{Keller2013-KELTMO-9,
	pages = {655--678},
	year = {2013},
	author = {Lorraine Keller},
	publisher = {Routledge},
	number = {5-6},
	title = {The Metaphysics of Propositional Constituency},
	volume = {43},
	doi = {10.1080/00455091.2013.870735},
	journal = {Canadian Journal of Philosophy}
}


@article{King2019-KINOPA-2,
	title = {On Propositions and Fineness of Grain (Again!)},
	volume = {196},
	doi = {10.1007/s11229-016-1291-x},
	journal = {Synthese},
	author = {Jeffrey King},
	year = {2019},
	number = {4},
	publisher = {Springer Verlag}
}

@article{King2009-KINXOU,
	number = {1pt3},
	publisher = {Wiley-Blackwell},
	year = {2009},
	author = {Jeffrey C. King},
	pages = {257--277},
	doi = {10.1111/j.1467-9264.2009.00267.x},
	journal = {Proceedings of the Aristotelian Society},
	volume = {109},
	title = {Questions of Unity}
}

@article{King2002-KINDP,
	year = {2002},
	pages = {341--371},
	volume = {111},
	number = {3},
	title = {Designating Propositions},
	journal = {Philosophical Review},
	author = {Jeffrey C. King},
	publisher = {Duke University Press}
}

@article{King2003-KINTMA,
	author = {Jeffrey C. King},
	journal = {Philosophical Perspectives},
	year = {2003},
	volume = {17},
	doi = {10.1111/j.1520-8583.2003.00009.x},
	pages = {195--246},
	number = {1},
	title = {Tense, Modality, and Semantic Values}
}

@book{King2007-KINTNA,
	publisher = {Oxford University Press},
	author = {Jeffrey C. King},
	year = {2007},
	title = {The Nature and Structure of Content}
}

@book{King2014-KINNTA,
	year = {2014},
	publisher = {Oxford University Press},
	author = {Jeffrey C. King and Scott Soames and Jeff Speaks},
	title = {New Thinking About Propositions}
}

@incollection{Krifka2001-KRIFAS,
	editor = {},
	publisher = {Academie Verlag},
	pages = {287--320},
	booktitle = {Audiatur Vox Sapientia. A Festschrift for Arnim von Stechow},
	year = {2001},
	title = {For a Structured Meaning Account of Questions and Answers},
	author = {Manfred Krifka}
}

@article{Krifka2015,
	year = {2015},
	pages = {328--345},
	volume = {23},
	number = {3},
	title = {Bias in Committment Space Semantics},
	journal = {Semantics and Linguistic Theory},
	author = {Manfred Krifka}
	}

@article{Kripke1959-KRIACT,
	title = {A Completeness Theorem in Modal Logic},
	doi = {10.2307/2964568},
	journal = {Journal of Symbolic Logic},
	volume = {24},
	author = {Saul A. Kripke},
	year = {1959},
	pages = {1--14},
	number = {1},
	publisher = {Association for Symbolic Logic}
}

@article{Kripke1963-KRISCO,
	title = {Semantical Considerations on Modal Logic},
	journal = {Acta Philosophica Fennica},
	volume = {16},
	pages = {83--94},
	year = {1963},
	author = {Saul A. Kripke}
}

@incollection{Kripke1979-KRIAPA,
	publisher = {Reidel},
	booktitle = {Meaning and Use},
	title = {A Puzzle About Belief},
	editor = {A. Margalit},
	pages = {239--83},
	author = {Saul A. Kripke},
	year = {1979}
}

@book{Kripke1980-KRINAN,
	author = {Saul Kripke},
	title = {Naming and Necessity},
	publisher = {Harvard University Press},
	year = {1980}
}

@incollection{Kaplan1995-KAPAPI,
	author = {David Kaplan},
	editor = {Walter Sinnott{-}Armstrong and Diana Raffman and Nicholas Asher},
	title = {A Problem in Possible Worlds Semantics},
	booktitle = {Modality, Morality and Belief: Essays in Honor of Ruth Barcan Marcus},
	pages = {41--52},
	publisher = {Cambridge University Press},
	year = {1995}
}

@incollection{Kneale1970,
	booktitle = {G.E. Moore: Essays in Retrospect},
	title = {Propositions and Time},
	publisher = {Allen and Unwin},
	editor = {A.\ Ambrose and M.\ Lazerowitz},
	year = {1970},
	author = {William Kneale and Martha Kneale}
}


@article{Leonard1940-LEOTCO-2,
	pages = {45--55},
	publisher = {Association for Symbolic Logic},
	year = {1940},
	title = {The Calculus of Individuals and its Uses},
	doi = {10.2307/2266169},
	number = {2},
	author = {Henry S. Leonard and Nelson Goodman},
	journal = {Journal of Symbolic Logic},
	volume = {5}
}

@book{Lepore2007-LEPDDT,
	year = {2007},
	author = {Ernest Lepore and Kirk Ludwig},
	title = {Donald Davidson's Truth-Theoretic Semantics},
	publisher = {Clarendon Press}
}

@article{Lewis1943-LEWTMO,
	title = {The Modes of Meaning},
	journal = {Philosophy and Phenomenological Research},
	doi = {10.2307/2103080},
	volume = {4},
	author = {C. I. Lewis},
	year = {1943},
	pages = {236--250},
	number = {2},
	publisher = {International Phenomenological Society}
}

@book{Lewis1973-LEWC-2,
	publisher = {Blackwell},
	title = {Counterfactuals},
	author = {David Lewis},
	year = {1973}
}



@book{Lewis1986,
	author = {David Lewis},
	publisher = {Wiley-Blackwell},
	title = {On the Plurality of Worlds},
	year = {1986}
}

@article{Lewis1970-LEWGS,
	journal = {Synthese},
	pages = {18--67},
	author = {David K. Lewis},
	doi = {10.1007/bf00413598},
	publisher = {Springer},
	volume = {22},
	year = {1970},
	number = {1-2},
	title = {General Semantics}
}

@article{Lewis1979-LEWADD,
	pages = {513--543},
	year = {1979},
	journal = {Philosophical Review},
	title = {Attitudes de Dicto and de Se},
	doi = {10.2307/2184843},
	volume = {88},
	author = {David Lewis},
	publisher = {Duke University Press},
	number = {4}
}

@incollection{Lewis1980-LEWICA,
	title = {Index, Context, and Content},
	editor = {Stig Kanger and Sven \"Ohman},
	booktitle = {Philosophy and Grammar},
	publisher = {Reidel},
	author = {David K. Lewis},
	pages = {79--100},
	year = {1980}
}

@book{Lewis1991-LEWPOC-3,
	author = {David K. Lewis},
	title = {Parts of Classes},
	publisher = {Blackwell},
	year = {1991}
}

@article{Marcus1961-MARMAI,
	title = {Modalities and Intensional Languages},
	publisher = {Springer},
	number = {4},
	journal = {Synthese},
	year = {1961},
	volume = {13},
	author = {Ruth Barcan Marcus},
	doi = {10.1007/BF00486629},
	pages = {303--322}
}

@article{Marusic2014-MARPAJ,
	number = {2},
	year = {2014},
	title = {Propositions and Judgments in Locke and Arnauld: A Monstrous and Unholy Union?},
	volume = {52},
	pages = {255--280},
	author = {Jennifer Smalligan Maru\v{s}i},
	doi = {10.1353/hph.2014.0029},
	journal = {Journal of the History of Philosophy}
}

@article{McDowell1984-MCDDRS,
	doi = {10.2307/2218761},
	pages = {283--294},
	volume = {34},
	title = {De Re Senses},
	author = {John McDowell},
	journal = {Philosophical Quarterly},
	number = {136},
	publisher = {Wiley-Blackwell},
	year = {1984}
}

@book{McDowell1998-MCDMKA,
	publisher = {Harvard University Press},
	year = {1998},
	author = {John Henry McDowell},
	title = {Meaning, Knowledge, and Reality}
}

@incollection{Meinong1904,
	author = {Alexius Meinong},
	title = {Theory of Objects},
	editor = {Roderick Chisholm},
	publisher = {Glencoe, Ill., Free Press},
	booktitle = {Realism and the Background of Phenomenology},
	year = {1904}
}



@article{Moltmann2013-MOLPAO,
	journal = {Canadian Journal of Philosophy, Supplementary Volume on Propositions, Edited by G. Rattan and D. Hunter},
	author = {Friederike Moltmann},
	volume = {43},
	title = {Propositions, Attitudinal Objects, and the Distinction Between Actions and Products},
	publisher = {Routledge},
	doi = {10.1080/00455091.2014.892770},
	number = {5-6},
	pages = {679--701},
	year = {2013}
}

@incollection{Moltmann2017-MOLCPA,
	pages = {254--289},
	booktitle = {Act-Based Conceptions of Propositional Content. Contemporary and Historical Perspectives},
	year = {2017},
	editor = {Friederike Moltmann and Mark Textor},
	author = {Friederike Moltmann},
	title = {Cognitive Products and the Semantics of Attitude Verbs and Deontic Modals},
	publisher = {New York: Oxford University Press}
}

@incollection{Moltmann2019-MOLAOT-4,
	publisher = {Routledge},
	title = {Attitudinal Objects: Their Ontology and Importance for Philosophy and Natural Language Semantics},
	editor = {Brian Brian and Christoph Schuringa},
	author = {Friederike Moltmann},
	year = {2019},
	booktitle = {Judgment. Act and Object.  Routledge Studies in Contemporary Philosophy},
	pages = {180--201}
}

@article{Montague1970-MONPAI,
	title = {Pragmatics and Intensional Logic},
	journal = {Synthese},
	author = {Richard Montague},
	publisher = {Springer},
	number = {1-2},
	volume = {22},
	doi = {10.1007/BF00413599},
	pages = {68--94},
	year = {1970}
}

@article{Montague1969-MONOTN-2,
	number = {2},
	author = {Richard Montague},
	year = {1969},
	title = {On the Nature of Certain Philosophical Entities},
	volume = {53},
	journal = {The Monist},
	pages = {159--194},
	publisher = {The Hegeler Institute}
}

@article{Moore1999-MOOPNA,
	pages = {229--263},
	number = {2},
	journal = {Synthese},
	title = {Propositions, Numbers, and the Problem of Arbitrary Identification},
	publisher = {Springer Netherlands},
	doi = {10.1023/A:1005231231924},
	volume = {120},
	author = {Joseph G. Moore},
	year = {1999}
}

@article{Mousavian2011-MOUGP,
	publisher = {University of Calgary Press},
	title = {Gappy Propositions?},
	doi = {10.1353/cjp.2011.0003},
	journal = {Canadian Journal of Philosophy},
	number = {1},
	year = {2011},
	author = {Seyed N. Mousavian},
	volume = {41},
	pages = {125--157}
}

@incollection{Murray2012-MURRMM,
	author = {Adam Murray and Jessica M. Wilson},
	year = {2012},
	title = {Relativized Metaphysical Modality},
	editor = {Karen Bennett and Dean Zimmerman},
	booktitle = {Oxford Studies in Metaphysics},
	publisher = {Oxford University Press},
	pages = {189}
}

@book{Murraydiss,
	author = {Adam R. Murray},
	title = {Perspectives on Modal Metaphysics},
	note = {PhD Thesis; University of Toronto},
	year = {2017}
}

@incollection{Muskens2006-MUSHOM,
	title = {Higher Order Modal Logic},
	pages = {621--653},
	year = {2006},
	author = {Reinhard Muskens},
	editor = {Patrick Blackburn and Johan Van Benthem and Frank Wolter},
	booktitle = {Handbook of Modal Logic},
	publisher = {Elsevier}
}

@article{Myhill1958-MYHPAI,
	pages = {78--83},
	journal = {Logique Et Analyse},
	author = {John Myhill},
	publisher = {Association for Symbolic Logic},
	number = {1},
	doi = {10.2307/2272577},
	volume = {1},
	title = {Problems Arising in the Formalization of Intensional Logic},
	year = {1958}
}

@book{Ott2003-OTTLPO-4,
	author = {Walter R. Ott},
	title = {Locke's Philosophy of Language},
	year = {2003},
	publisher = {Cambridge University Press}
}

@article{Pelletier2001-PELDFB,
	year = {2001},
	volume = {10},
	pages = {87--114},
	author = {Francis Jeffry Pelletier},
	number = {1},
	journal = {Journal of Logic, Language and Information},
	publisher = {Springer Netherlands},
	title = {Did Frege Believe Frege's Principle?}
}

@article{Perry1977-PERFOD,
	publisher = {Duke University Press},
	journal = {Philosophical Review},
	pages = {474--497},
	number = {4},
	title = {Frege on Demonstratives},
	doi = {10.2307/2184564},
	year = {1977},
	author = {John Perry},
	volume = {86}
}

@article{Perry1979-PERTPO,
	volume = {13},
	author = {John Perry},
	doi = {10.2307/2214792},
	year = {1979},
	pages = {3--21},
	journal = {No\^us},
	publisher = {Wiley-Blackwell},
	number = {1},
	title = {The Problem of the Essential Indexical}
}

@book{Pietroski-CM,
	title = {Conjoining Meanings: Semantics without Truth Values},
	author = {Paul M. Pietroski}, 
	publisher = {Oxford University Press}, 
	year = {2018}
}

@book{Plantinga1974-PLATNO,
	title = {The Nature of Necessity},
	author = {Alvin Plantinga},
	year = {1974},
	publisher = {Clarendon Press}
}

@book{Prior1955-PRITAM,
	publisher = {Greenwood Press},
	year = {1955},
	title = {Time and Modality},
	author = {A. N. Prior}
}

@article{Prior1959-ANPTGT,
	title = {Thank Goodness That's Over},
	pages = {12--17},
	number = {128},
	author = {A. N. Prior},
	publisher = {Cambridge University Press},
	volume = {34},
	doi = {10.1017/S0031819100029685},
	year = {1959},
	journal = {Philosophy}
}

@article{Prior1961-ANPOAF,
	year = {1961},
	publisher = {Duke University Press},
	pages = {16--32},
	author = {A. N. Prior},
	number = {1},
	title = {On a Family of Paradoxes},
	doi = {10.1305/ndjfl/1093956750},
	journal = {Notre Dame Journal of Formal Logic},
	volume = {2}
}

@book{Prior1967-PRIPPA-2,
	title = {Past, Present and Future},
	year = {1967},
	publisher = {Clarendon Press},
	author = {Arthur Prior}
}

@Article{Prior1969-PRITPA-2,
  Title                    = {{The Possibly-True and the Possible}},
  Author                   = {A.N. Prior},
  Journal                  = {Mind},
  Year                     = {1969},
  Number                   = {312},
  Pages                    = {481--492},
  Volume                   = {78},

  Publisher                = {Oxford University Press}
}

@Article{Prior1968-PRIMLA,
  Title                    = {{Modal Logic and the Logic of Applicability}},
  Author                   = {A.N. Prior},
  Journal                  = {Theoria},
  Year                     = {1968},
  Number                   = {3},
  Pages                    = {183--202},
  Volume                   = {34},

  Publisher                = {Philosophy Department, Stockholm University}
}

@book{PRIOR1971-PRIOOT-2,
	author = {A. N. Prior},
	year = {1971},
	title = {Objects of Thought},
	publisher = {Clarendon Press}
}

@incollection{Kaplan1995-KAPAPI,
	author = {David Kaplan},
	editor = {Walter Sinnott{-}Armstrong and Diana Raffman and Nicholas Asher},
	title = {A Problem in Possible Worlds Semantics},
	booktitle = {Modality, Morality and Belief: Essays in Honor of Ruth Barcan Marcus},
	pages = {41--52},
	publisher = {Cambridge University Press},
	year = {1995}
}

@incollection{Kripke2011-KRIAPA-3,
	title = {A Puzzle About Time and Thought},
	year = {2011},
	booktitle = {Philosophical Troubles. Collected Papers Vol I},
	publisher = {Oxford University Press},
	author = {Saul A. Kripke},
	editor = {Saul A. Kripke}
}

@article{Prior1961-ANPOAF,
	year = {1961},
	publisher = {Duke University Press},
	pages = {16--32},
	author = {A. N. Prior},
	number = {1},
	title = {On a Family of Paradoxes},
	doi = {10.1305/ndjfl/1093956750},
	journal = {Notre Dame Journal of Formal Logic},
	volume = {2}
}

@article{Quine1948-QUIOWT-7,
	pages = {21--38},
	doi = {revmetaph19482115},
	year = {1948},
	number = {5},
	publisher = {Philosophy Education Society},
	author = {Willard Van Orman Quine},
	volume = {2},
	title = {On What There Is},
	journal = {Review of Metaphysics}
}

@book{Quine1960-QUIWAO,
	year = {1960},
	publisher = {MIT Press},
	author = {Willard Van Orman Quine},
	title = {Word and Object}
}

@book{Quine1970-QUIPOL-2,
	author = {W. V. O. Quine},
	title = {Philosophy of Logic},
	publisher = {Harvard University Press},
	year = {1970}
}

@article{Quine1978-QUIFOT,
	pages = {155--169},
	doi = {10.5840/swjphil19789232},
	author = {W. V. Quine},
	volume = {9},
	year = {1978},
	journal = {Southwestern Journal of Philosophy},
	publisher = {Southwestern Philosophical Society},
	number = {2},
	title = {Facts of the Matter}
}

@incollection{Quine1980-QUITVA,
	author = {W. V. O. Quine},
	editor = {Z. Van Straaten},
	title = {The Variable and its Place in Reference},
	year = {1980},
	pages = {164--73},
	booktitle = {Philosophical Subjects},
	publisher = {Oxford University Press}
}


@incollection{RecanatiManuscript-RECITE-2,
	title = {Immunity to Error Through Misidentification: What It is and Where It Comes From},
	publisher = {Cambridge University Press},
	author = {Fran\c{c}ois Recanati},
	pages = {180--201},
	editor = {Simon Prosser and Francois Recanati},
	booktitle = {Immunity to Error Through Misidentification: New Essays}
}

@article{Richard1981-RICTAE,
	title = {Temporalism and Eternalism},
	doi = {10.1007/BF00354808},
	pages = {1--13},
	number = {1},
	publisher = {Springer},
	author = {Mark Richard},
	year = {1981},
	journal = {Philosophical Studies},
	volume = {39}
}

@unpublished{Russell1904-RUSLTF,
	title = {Letter to Frege, 12 December 1904},
	author = {Bertrand Russell},
	year = {1904}
}

@article{Russell1905-RUSOD,
	number = {56},
	year = {1905},
	volume = {14},
	author = {Bertrand Russell},
	publisher = {Duke University Press},
	pages = {479--493},
	title = {On Denoting},
	doi = {10.1093/mind/xiv.4.479},
	journal = {Mind}
}

@article{Russell1911-RUSTBO-3,
	volume = {8},
	doi = {10.2307/2013237},
	journal = {Journal of Philosophy, Psychology and Scientific Methods},
	title = {The Basis of Realism},
	publisher = {Journal of Philosophy Inc},
	number = {6},
	pages = {158--161},
	year = {1911},
	author = {B. Russell}
}

@incollection{Russell1910-RUSOTN-4,
	title = {On the Nature of Truth and Falsehood},
	editor = {Bertrand Russell},
	author = {Bertrand Russell},
	year = {1910},
	booktitle = {Philosophical Essays},
	publisher = {Longmans, Green}
}

@book{Russell1912-RUSTPO-49,
	publisher = {Home University Library},
	year = {1912},
	author = {Bertrand Russell},
	title = {The Problems of Philosophy}
}

@book{Russell1903-RUSTPO-77,
	publisher = {Allen \& Unwin},
	author = {Bertrand Russell},
	title = {The Principles of Mathematics},
	year = {1903}
}

@article{Russell1911-RUSKBA,
	publisher = {Pelican Books},
	journal = {Proceedings of the Aristotelian Society},
	year = {1911},
	author = {Bertrand Russell},
	volume = {11},
	pages = {108--28},
	title = {Knowledge by Acquaintance and Knowledge by Description},
	doi = {10.1093/aristotelian/11.1.108}
}

@book{Russell2008-RUSTIV,
	title = {Truth in Virtue of Meaning},
	publisher = {Oxford University Press},
	author = {Gillian Kay Russell},
	year = {2008}
}

@article{Salmon2005-SALOD,
	volume = {114},
	doi = {10.1093/mind/fzi1069},
	journal = {Mind},
	title = {On Designating},
	number = {456},
	publisher = {Oxford University Press},
	author = {Nathan Salmon},
	year = {2005},
	pages = {1069--1133}
}

@book{Salmon1986-SALFP,
	title = {Frege\textquoteright{}s Puzzle},
	year = {1986},
	publisher = {Ridgeview},
	author = {Nathan U. Salmon}
}

@article{Salmon1998-SALN,
	doi = {10.1111/0029-4624.00101},
	year = {1998},
	number = {3},
	journal = {No\^us},
	author = {Nathan Salmon},
	publisher = {Wiley-Blackwell},
	volume = {32},
	pages = {277--319},
	title = {Nonexistence}
}

@incollection{Salmon2003-SALTAI-4,
	editor = {Aleksandar Joki and Quentin Smith},
	title = {Tense and Intension},
	booktitle = {Time, Tense, and Reference},
	year = {2003},
	publisher = {MIT Press},
	pages = {107--154},
	author = {Nathan Salmon}
}

@article{Schiffer1987-SCHTFT,
	journal = {Philosophical Perspectives},
	doi = {10.2307/2214153},
	volume = {1},
	title = {The 'Fido'-Fido Theory of Belief},
	publisher = {Wiley-Blackwell},
	year = {1987},
	author = {Stephen Schiffer},
	pages = {455--480}
}

@article{Schiffer1992-SCHBA,
	publisher = {Journal of Philosophy Inc},
	number = {10},
	pages = {499--521},
	year = {1992},
	author = {Stephen Schiffer},
	doi = {jphil199289108},
	journal = {Journal of Philosophy},
	volume = {89},
	title = {Belief Ascription}
}

@book{Schiffer2003-SCHTTW-2,
	title = {The Things We Mean},
	author = {Stephen Schiffer},
	year = {2003},
	publisher = {Oxford University Press}
}

@article{Schiffer2006-SCHAPF,
	title = {A Problem for a Direct-Reference Theory of Belief Reports},
	volume = {40},
	doi = {10.1111/j.0029-4624.2006.00614.x},
	journal = {No\^us},
	pages = {361--368},
	year = {2006},
	author = {Stephen Schiffer},
	publisher = {Blackwell Publishing},
	number = {2}
}

@book{Searle1969-SEASAA-6,
	year = {1969},
	title = {Speech Acts: An Essay in the Philosophy of Language},
	author = {John R. Searle},
	publisher = {Cambridge University Press}
}

@InCollection{sep-perception-contents,
	author       =	{Siegel, Susanna},
	title        =	{{The Contents of Perception}},
	booktitle    =	{The {Stanford} Encyclopedia of Philosophy},
	editor       =	{Edward N. Zalta},
	howpublished =	{\url{https://plato.stanford.edu/archives/win2016/entries/perception-contents/}},
	year         =	{2016},
	edition      =	{Winter 2016},
	publisher    =	{Metaphysics Research Lab, Stanford University}
}

@incollection{Siegel2005-SIEWPA,
	year = {2005},
	editor = {Tamar S. Gendler and John Hawthorne},
	booktitle = {Perceptual Experience},
	publisher = {Oxford University Press},
	pages = {481--503},
	author = {Susanna Siegel},
	title = {Which Properties Are Represented in Perception}
}

@book{Siegel2010-SIETCO-7,
	publisher = {Oxford University Press USA},
	title = {The Contents of Visual Experience},
	year = {2010},
	author = {Susannah Siegel}
}

@book{Simons1987-SIMPAS,
	publisher = {Oxford University Press},
	title = {Parts: A Study in Ontology},
	year = {1987},
	author = {Peter Simons}
}

@article{Soames1987-SOADRP,
	journal = {Philosophical Topics},
	author = {Scott Soames},
	volume = {15},
	doi = {10.5840/philtopics198715112},
	title = {Direct Reference, Propositional Attitudes, and Semantic Content},
	number = {1},
	pages = {47--87},
	publisher = {University of Arkansas Press},
	year = {1987}
}

@book{Soames2003-SOAPAI,
	publisher = {Princeton University Press},
	year = {2003},
	author = {Scott Soames},
	title = {Philosophical Analysis in the Twentieth Century Vol. 2: The Age of Meaning}
}

@book{Soames2010-SOAWIM-2,
	author = {Scott Soames},
	year = {2010},
	title = {What is Meaning?},
	publisher = {Princeton University Press}
}

@book{Soames2015-SOARLM,
	author = {Scott Soames},
	title = {Rethinking Language, Mind, and Meaning},
	year = {2015},
	publisher = {Princeton University Press}
}

@article{Spencer2013-SPEUE,
	publisher = {Routledge},
	number = {5-6},
	pages = {766--775},
	year = {2013},
	author = {Joshua Spencer},
	doi = {10.1080/00455091.2013.870737},
	journal = {Canadian Journal of Philosophy},
	volume = {43},
	title = {Unnecessary Existents}
}

@article{Spencer2016-SPETPO-25,
	title = {The Problem of Empty Names and Russellian Plenitude},
	volume = {46},
	journal = {Canadian Journal of Philosophy},
	doi = {10.1080/00455091.2016.1184124},
	author = {Joshua Spencer},
	year = {2016},
	pages = {1--18},
	number = {3},
	publisher = {Routledge}
}

@article{Stalnaker1978-STAA-2,
	title = {Assertion},
	year = {1978},
	publisher = {New York: New York Academic Press},
	author = {Robert Stalnaker},
	journal = {Syntax and Semantics (New York Academic Press)},
	pages = {315--332},
	volume = {9}
}

@article{Stalnaker1981-STAIB,
	volume = {49},
	author = {Robert C. Stalnaker},
	number = {1},
	pages = {129--151},
	publisher = {Springer},
	year = {1981},
	title = {Indexical Belief},
	journal = {Synthese}
}

@article{Stalnaker1976-STAPW,
	author = {Robert Stalnaker},
	year = {1976},
	pages = {65--75},
	number = {1},
	publisher = {Wiley-Blackwell},
	title = {Possible Worlds},
	doi = {10.2307/2214477},
	journal = {No\^us},
	volume = {10}
}

@book{Stalnaker1984-STAI,
	author = {Robert Stalnaker},
	title = {Inquiry},
	year = {1984},
	publisher = {Cambridge University Press}
}

@incollection{Stalnaker2010-STAMPP,
	booktitle = {Modality: Metaphysics, Logic, and Epistemology},
	title = {Merely Possible Propositions},
	pages = {21--32},
	publisher = {Oxford University Press},
	author = {Robert Stalnaker},
	editor = {Bob Hale and Aviv Hoffmann},
	year = {2010}
}

@book{Stalnaker2011-STAMPM-2,
	author = {Robert Stalnaker},
	title = {Mere Possibilities: Metaphysical Foundations of Modal Semantics},
	year = {2011},
	publisher = {Princeton University Press}
}

@book{Stalnaker2014-STAC-4,
	year = {2014},
	author = {Robert Stalnaker},
	title = {Context},
	publisher = {Oxford University Press}
}

@article{Stenius1967-STEMAL,
	title = {Mood and Language-Game},
	number = {1},
	volume = {17},
	pages = {254--274},
	author = {Erik Stenius},
	doi = {10.1007/BF00485030},
	year = {1967},
	journal = {Synthese},
	publisher = {Association for Symbolic Logic}
}

@incollection{Stokhof1996-STOCAM-2,
	editor = {Shalom Lappin},
	year = {1996},
	publisher = {Blackwell},
	pages = {179--216},
	booktitle = {Handbook of Contemporary Semantic Theory},
	title = {Coreference and Modality},
	author = {Martin Stokhof and Jeroen Groenendijk and Frank Veltman}
}

@incollection{Tarski1936-TARTCO,
	editor = {A. Tarski},
	pages = {152--278},
	title = {The Concept of Truth in Formalized Languages},
	author = {Alfred Tarski},
	year = {1936},
	booktitle = {Logic, Semantics, Metamathematics},
	publisher = {Oxford University Press}
}

@article{Taschek1992-TASFPS,
	publisher = {Oxford University Press},
	number = {404},
	pages = {767--791},
	author = {William W. Taschek},
	year = {1992},
	volume = {101},
	doi = {10.1093/mind/101.404.767},
	journal = {Mind},
	title = {Frege's Puzzle, Sense, and Information Content}
}

@article{Taschek1995-TASBSA,
	doi = {10.2307/2215727},
	journal = {No\^us},
	volume = {29},
	title = {Belief, Substitution, and Logical Structure},
	publisher = {Wiley-Blackwell},
	number = {1},
	pages = {71--95},
	year = {1995},
	author = {William W. Taschek}
}

@article{Taschek1995-WILOBC,
	title = {On Belief Content and That-Clauses},
	doi = {10.1111/j.1468-0017.1995.tb00014.x},
	journal = {Mind and Language},
	volume = {10},
	author = {William W. Taschek},
	year = {1995},
	pages = {274--298},
	number = {3}
}

@article{Taschek1998-TASOAB-2,
	author = {William W. Taschek},
	year = {1998},
	pages = {323--353},
	number = {7},
	publisher = {Journal of Philosophy Inc},
	title = {On Ascribing Beliefs},
	doi = {10.5840/jphil199895736},
	journal = {Journal of Philosophy},
	volume = {95}
}

@book{Thomasson1998-THOFAM-4,
	year = {1998},
	publisher = {Cambridge University Press},
	title = {Fiction and Metaphysics},
	author = {Amie L. Thomasson}
}

@article{Thomasson2003-THOSOF,
	author = {Amie L. Thomasson},
	title = {Speaking of Fictional Characters},
	publisher = {Wiley-Blackwell},
	number = {2},
	pages = {205--223},
	volume = {57},
	journal = {Dialectica},
	year = {2003},
	doi = {10.1111/j.1746-8361.2003.tb00266.x}
}

@article{Tillman2012-TILPAP-4,
	title = {Propositions and Parthood: The Universe and Anti-Symmetry},
	doi = {10.1080/00048402.2011.611812},
	journal = {Australasian Journal of Philosophy},
	volume = {90},
	pages = {525--539},
	year = {2012},
	author = {Chris Tillman and Gregory Fowler},
	publisher = {Routledge},
	number = {3}
}

@incollection{Twardowski1911,
	title = {Actions and Product: Remarks on the Borderline of Psychology,
	Grammar, and Logic}, 
	year = {1911/1999},
	author = {Kazimierz Twardowski},
	editor = {Johannes Brandl, Jan Wolenski, and Arthur Szylewicz},
	booktitle = {Kazimierz Twardowski: On Actions, Products, and Other
	Topics in Philosophy},
	publisher = {Rodopi: Amsterdam and Atlanta},
	pages = {103--132}
}

@article{Uzquiano2015-UZQANR,
	number = {2},
	year = {2015},
	author = {Gabriel Uzquiano},
	pages = {328--344},
	doi = {10.1017/s1755020315000106},
	journal = {Review of Symbolic Logic},
	volume = {8},
	title = {A Neglected Resolution of Russell\textquoteright{}s Paradox of Propositions}
}

@incollection{vanElswykForthcoming-VANTLB-3,
	year = {forthcoming},
	editor = {Chris Tillman},
	title = {The Linguistic Basis for Propositions},
	author = {Peter van Elswyk},
	booktitle = {The Routledge Handbook of Propositions}
}

@incollection{vanElswyk_this_vol,
	year = {forthcoming},
	editor = {Chris Tillman},
	title = {The Linguistic Basis for Propositions},
	author = {Peter van Elswyk},
	booktitle = {The Routledge Handbook of Propositions}
}

@article{vanInwagen1977-INWCOF-2,
	pages = {299--308},
	publisher = {University of Illinois Press},
	number = {4},
	journal = {American Philosophical Quarterly},
	author = {Peter van Inwagen},
	volume = {14},
	title = {Creatures of Fiction},
	year = {1977}
}

@incollection{vanInwagen2004-VANATO-2,
	author = {Peter van Inwagen},
	year = {2004},
	editor = {Dean Zimmerman},
	title = {A Theory of Properties},
	pages = {107--138},
	publisher = {Clarendon Press},
	booktitle = {Oxford Studies in Metaphysics, Volume 1}
}

@article{Whittle2017-WHIHP-3,
	publisher = {Springer Verlag},
	number = {2},
	pages = {215--231},
	year = {2017},
	author = {Bruno Whittle},
	journal = {Journal of Philosophical Logic},
	doi = {10.1007/s10992-016-9399-5},
	volume = {46},
	title = {Hierarchical Propositions}
}

@incollection{Williams2012-WILROR-5,
	title = {Requirements on Reality},
	author = {J. Robert G. Williams},
	publisher = {Cambridge University Press},
	booktitle = {Metaphysical Grounding: Understanding the Structure of Reality},
	pages = {165--185},
	year = {2012},
	editor = {Fabrice Correia Benjamin Schnieder}
}

@book{Williamson2000-WILKAI,
	author = {Timothy Williamson},
	publisher = {Oxford University Press},
	title = {Knowledge and its Limits},
	year = {2000}
}

@article{Williamson2003-WILE,
	journal = {Philosophical Perspectives},
	volume = {17},
	year = {2003},
	author = {Timothy Williamson},
	title = {Everything},
	number = {1},
	pages = {415--465},
	doi = {10.1111/j.1520-8583.2003.00017.x},
	publisher = {Blackwell}
}

@book{Williamson2013-WILMLA-2,
	year = {2013},
	publisher = {Oxford University Press},
	author = {Timothy Williamson},
	title = {Modal Logic as Metaphysics}
}

@book{Williamson2007-WILTPO-115,
	author = {Timothy Williamson},
	year = {2007},
	publisher = {Wiley-Blackwell},
	title = {The Philosophy of Philosophy}
}

@book{Wittgenstein1961-WITTLE,
	year = {1921/1961},
	title = {Tractatus Logico-Philosophicus (Trans. Pears and McGuinness)},
	publisher = {Routledge},
	author = {Ludwig Wittgenstein}
}

@book{Wittgenstein1953-WITPI-4,
	title = {Philosophical Investigations},
	publisher = {Wiley-Blackwell},
	year = {1953},
	author = {Ludwig Wittgenstein}
}

@book{Wright1983-WRIFCO,
	year = {1983},
	title = {Frege's Conception of Numbers as Objects},
	publisher = {Aberdeen University Press},
	author = {Crispin Wright}
}

@book{Wright2001-HALTRP,
	author = {Bob Hale and Crispin Wright},
	publisher = {Oxford: Clarendon Press},
	year = {2001},
	title = {The Reason's Proper Study: Essays Towards a Neo-Fregean Philosophy of Mathematics}
}

@article{Yalcin2007-YALEM,
	author = {Seth Yalcin},
	pages = {983--1026},
	number = {464},
	year = {2007},
	journal = {Mind},
	publisher = {Oxford University Press},
	volume = {116},
	title = {Epistemic Modals}
}

@incollection{Yalcin2011-YALNAE,
	booktitle = {Epistemic Modality},
	author = {Seth Yalcin},
	year = {2011},
	editor = {Andy Egan and B. Weatherson},
	publisher = {Oxford University Press},
	title = {Nonfactualism About Epistemic Modality}
}



